
@inproceedings{cryptominisat,
  author    = {Mate Soos and
               Karsten Nohl and
               Claude Castelluccia},
  title     = {Extending SAT Solvers to Cryptographic Problems},
  booktitle = {SAT},
  year      = {2009},
  pages     = {244-257},
  ee        = {http://dx.doi.org/10.1007/978-3-642-02777-2_24},
  crossref  = {DBLP:conf/sat/2009},
  bibsource = {DBLP, http://dblp.uni-trier.de}
}
@inproceedings{gluclose,
  author    = {Gilles Audemard and
               Laurent Simon},
  title     = {Predicting Learnt Clauses Quality in Modern SAT Solvers},
  booktitle = {IJCAI},
  year      = {2009},
  pages     = {399-404},
  ee        = {http://ijcai.org/papers09/Papers/IJCAI09-074.pdf},
  crossref  = {DBLP:conf/ijcai/2009},
  bibsource = {DBLP, http://dblp.uni-trier.de}
}

@techreport{plingeling,
    author = {Biere, Armin},
    institution = {Institute for Formal Models and Verification, Johannes Kepler University},
    keywords = {parallel, sat\_solvers, satisfiability},
    title = {Lingeling, {P}lingeling, {P}ico{SAT} and {P}reco{SAT} at {SAT} {R}ace 2010},
    year = {2010}
}

@techreport{ppfolio,
    author = {Roussel, Olivier},
    institution = {CRIL, Centre de Recherche en Informatique de Lens},
    title = {Description of ppfolio},
    year = {2011}
}

@article{paMiraXT,
  author    = {Tobias Schubert and
               Matthew D. T. Lewis and
               Bernd Becker},
  title     = {PaMiraXT: Parallel SAT Solving with Threads and Message
               Passing},
  journal   = {JSAT},
  volume    = {6},
  number    = {4},
  year      = {2009},
  pages     = {203-222},
  ee        = {http://jsat.ewi.tudelft.nl/content/volume6/JSAT6_10_Schubert.pdf},
  bibsource = {DBLP, http://dblp.uni-trier.de}
}

@inproceedings{Kautz92ECAI,
  author    = {Henry A. Kautz and
               Bart Selman},
  title     = {Planning as Satisfiability},
  booktitle = {ECAI},
  year      = {1992},
  pages     = {359-363},
  bibsource = {DBLP, http://dblp.uni-trier.de}
}

@inproceedings {Sartagnan,
	url = {http://algo.inf.uni-tuebingen.de/mitarbeiter/stephankottler/downloads/KottlerKaufmann_SArTagnanAParallelPortfolioSATSolverWithLocklessPhysicalClauseSharing.pdf},
	year = {2011},
	booktitle = {Pragmatics of SAT},
	title = {SArTagnan - A parallel portfolio SAT solver with lockless physical clause sharing},
	author = {Stephan Kottler and Michael Kaufmann}
}

@article{ManySAT,
  author    = {Youssef Hamadi and
               Sa\"{\i}d Jabbour and
               Lakhdar Sais},
  title     = {ManySAT: a Parallel SAT Solver},
  journal   = {JSAT},
  volume    = {6},
  number    = {4},
  year      = {2009},
  pages     = {245-262},
  ee        = {http://jsat.ewi.tudelft.nl/content/volume6/JSAT6_12_Hamadi.pdf},
  bibsource = {DBLP, http://dblp.uni-trier.de}
}

@article{psato,
  author    = {Hantao Zhang and
               Maria Paola Bonacina and
               Jieh Hsiang},
  title     = {PSATO: a Distributed Propositional Prover and its Application
               to Quasigroup Problems},
  journal   = {J. Symb. Comput.},
  volume    = {21},
  number    = {4},
  year      = {1996},
  pages     = {543-560},
  ee        = {http://dx.doi.org/10.1006/jsco.1996.0030},
  bibsource = {DBLP, http://dblp.uni-trier.de}
}

@inproceedings{PipatsrisawatD09,
  author    = {Knot Pipatsrisawat and
               Adnan Darwiche},
  title     = {On the Power of Clause-Learning SAT Solvers with Restarts},
  year      = {2009},
  pages     = {654-668},
  booktitle = {Principles and Practice of Constraint Programming, 15th International Conference, CP'09},
  publisher = {Springer},
  series    = {Lecture Notes in Computer Science},
  volume    = {5732},
}

@inproceedings{SelmanKautzCohen1993CCCS,
    author = "Bart Selman and Henry A. Kautz and Bram Cohen",
    title = "Local Search Strategies for Satisfiability Testing",
    booktitle = "Proceedings of the Second {DIMACS} Challange on Cliques, Coloring, and Satisfiability",
    address = "Providence RI",
    editor = "Michael Trick and David Stifler Johnson",
    year = "1993",
    url = "citeseer.ist.psu.edu/selman95local.html" 
}

@article{BeameKS04,
  author    = {Paul Beame and
               Henry A. Kautz and
               Ashish Sabharwal},
  title     = {Towards Understanding and Harnessing the Potential of Clause
               Learning},
  journal   = {J. Artif. Intell. Res. (JAIR)},
  volume    = {22},
  year      = {2004},
  pages     = {319-351},
}

@inproceedings{AmgoudCB96,
  author    = {Leila Amgoud and
               Claudette Cayrol and
               Daniel Le Berre},
  title     = {Comparing Arguments Using Preference Ordering for Argument-Based
               Reasoning},
  booktitle = {ICTAI},
  year      = {1996},
  pages     = {400-403},
}


@inproceedings{Moskal08,
  author    = {Michal Moskal},
  title     = {Rocket-Fast Proof Checking for {SMT} Solvers},
  booktitle = {14th International Conference on Tools and Algorithms for the Construction and Analysis of Systems, TACAS'08},
  pages     = {486-500},
  publisher = {Springer},
  series    = {Lecture Notes in Computer Science},
  volume    = {4963},
  year      = {2008},
}


====
====
STOC
====
====

@inproceedings{cookTheorem,
  author    = {Stephen A. Cook},
  title     = {The Complexity of Theorem-Proving Procedures},
  booktitle = {Conference Record of Third Annual ACM Symposium on 
Theory of Computing, STOC},
  publisher = {ACM},
  year      = {1971},
  pages     = {151-158},
  bibsource = {DBLP, http://dblp.uni-trier.de}
}

====
====
IAAI
====
====

@inproceedings{LinSL08,
  author    = {Han Lin and
               Kaile Su and
               Chu Min Li},
  title     = {Within-problem Learning for Efficient Lower Bound Computation
               in Max-SAT Solving},
  booktitle = {Proceedings of the Twenty-Third AAAI Conference on Artificial
               Intelligence, AAAI 2008, Chicago, Illinois, USA, July 13-17,
               2008},
  year      = {2008},
  pages     = {351-356},
  publisher = {AAAI Press},
  isbn      = {978-1-57735-368-3},
  editor    = {Dieter Fox and
               Carla P. Gomes},
  bibsource = {DBLP, http://dblp.uni-trier.de}
}

@inproceedings{relsat,
  author    = {Roberto J. Bayardo Jr. and
               Robert Schrag},
  title     = {Using CSP Look-Back Techniques to Solve Real-World SAT Instances},
  booktitle = {AAAI/IAAI},
  year      = {1997},
  pages     = {203-208},
  bibsource = {DBLP, http://dblp.uni-trier.de}
}

====
====
CADE
====
====


@InProceedings{Zhang1997CADE,
 author = {H. Zhang},
 title = {{{SATO}: An Efficient Propositional Prover}},
 pages = {272--275},
 booktitle = {14th International Conference
               on Automated Deduction, CADE'97},
 year =   {1997},
 editor = {W. McCune},
 series = {Lecture Notes in Computer Science},
 volume = 1249,
 publisher = {Springer}
}

@inproceedings{BachmairTiwari2000CADE,
 author = {L. Bachmair and A. Tiwari},
 title = {{Abstract Congruence Closure and Specializations}},
 pages = {64--78},
 booktitle = {17th International Conference
        on Automated Deduction, CADE'97},
 year = 2000,
 editor={D. A. McAllester},
 series = {Lecture Notes in Computer Science},
 volume= 1831,
 publisher = {Springer}
}

@InProceedings{Audemard2002CADE,
 author =       {G. Audemard and P. Bertoli and A. Cimatti and A. Kornilowicz and R. Sebastiani},
 title =        {{A {SAT}-Based Approach for Solving Formulas over
                 Boolean and Linear Mathematical Propositions}},
 pages =        "195--210",
 booktitle =    {18th International Conference
              on Automated Deduction, CADE'02},
 year =         "2002",
 editor    = {A. Voronkov},
 series    =  "Lecture Notes in Conference Science",
 volume    = 2392,
 publisher = "Springer"
}

@inproceedings{deMouraetal2002CADE,
  author    = {L. M. de Moura and
               H. Rue{\ss} and
               M. Sorea},
  title     = {{Lazy Theorem Proving for Bounded Model Checking over Infinite
               Domains.}},
  pages     = {438-455},
  booktitle =    {18th International Conference
               on Automated Deduction, CADE'02},
  year =         "2002",
  editor    = {A. Voronkov},
  series    =  "Lecture Notes in Conference Science",
  volume    = 2392,
  publisher = "Springer"
}

@InProceedings{Coltonetal2004CADE,
  author    = {S. Colton and
               A. Meier and
               V. Sorge and
               R. McCasland},
  title     = {{Automatic Generation of Classification Theorems for Finite
               Algebras}},
  pages     = {400-414},
  booktitle     = {Automated Reasoning - Second International Joint Conference,
               IJCAR'04},
  year      = {2004},
  editor    = {D. A. Basin and
               M. Rusinowitch},
  series    = {Lecture Notes in Computer Science},
  volume    = {3097},
  publisher = {Springer}
}

@InProceedings{Bozzanoetal2005CADE,
    author = {M. Bozzano and R. Bruttomesso and A. Cimatti and T. Junttila and P. van Rossum and S. Schulz and R. Sebastiani},
    title = {{The MathSAT 3 System.}},
    pages     = {315-321},
    booktitle =    {20th International Conference
               on Automated Deduction, CADE'05},
    year = {2005},
    editor = {R. Nieuwenhuis},
    series = {Lecture Notes in Computer Science},
    volume={3632},
    publisher = {Springer}
}

@InProceedings{Geetal2007CADE,
  author =	 {Y. Ge and C. Barrett and C. Tinelli},
  title =	 {{Solving Quantified Verification Conditions using
                  Satisfiability Modulo Theories}},
  pages =        {167-182},
  booktitle =	 {21st International Conference on
                  Automated Deduction, CADE'07},
  year =	 2007,
  editor =	 {F.~Pfenning},
  series =	 {Lecture Notes in Computer Science},
  volume =       {4603},
  publisher =	 {Springer}
}

@InProceedings{BjornerdeMoura2007CADE,
  author =	 {N. Bjorner and L. de Moura},
  title =	 {{Efficient E-matching for SMT Solvers}},
  pages =        {183-198},
  booktitle =	 {21st International Conference on
                  Automated Deduction, CADE'07},
  year =	 2007,
  editor =	 {F.~Pfenning},
  series =	 {Lecture Notes in Computer Science},
  volume =       {4603},
  publisher =	 {Springer}
}

===
===
CAV
===
===


@inproceedings{Cyrluketal1997CAV,
  author    = {David Cyrluk and
               M. Oliver M{\"o}ller and
               Harald Rue{\ss}},
  title     = {An Efficient Decision Procedure for the Theory of Fixed-Sized
               Bit-Vectors},
  booktitle = {CAV},
  year      = {1997},
  pages     = {60-71},
  series =       {Lecture Notes in Computer Science},
  volume =       1254,
  publisher =    {Springer}
}




@InProceedings{BurchDill1994CAV,
  author =       "J. R. Burch and D. L. Dill",
  title =        {{Automatic Verification of Pipelined Microprocessor
                 Control}},
  pages  =       "68--80",
  booktitle =    "6th International Conference on Computer Aided Verification, CAV'94",
  year   =        "1994",
  editor =       "D. L. Dill",
  series =       {Lecture Notes in Computer Science},
  volume =       818,
  publisher =    {Springer}
}

@InProceedings{GrafSaidiCAV1997,
  author = "S. Graf and H. {Sa\"idi}",
  title = {{Construction of Abstract State Graphs with {PVS}}},
  pages =        "72--83",
  booktitle =    "9th International Conference on Computer Aided Verification, CAV'97",
  year =         "1997",
  editor = {Orna Grumberg},
  series =       {Lecture Notes in Computer Science},
  volume =       1254,
  publisher =    {Springer}
}

@InProceedings{Dasetal1999CAV,
  author    = {S. Das and
               D. L. Dill and
               S. Park},
  title     = {{Experience with Predicate Abstraction}},
  pages     = {160--171},
  booktitle =    "11th International Conference on Computer Aided Verification, CAV'99",
  year      =	 1999,
  editor    =	 {N.~Halbwachs and D.~Peled},
  series    =	 {Lecture Notes in Computer Science},
  volume    =	 1633,
  publisher =	 {Springer}
}

@InProceedings{Alur1999CAV,
  author    = {R. Alur},
  title     = {{Timed Automata}},
  pages     = {8-22},
  booktitle =    "11th International Conference on Computer Aided Verification, CAV'99",
  year      =	 1999,
  editor    =	 {N.~Halbwachs and D.~Peled},
  series    =	 {Lecture Notes in Computer Science},
  volume    =	 1633,
  publisher =	 {Springer}
}

@InProceedings{Pnueli1999CAV,
  author =       "A. Pnueli and Y. Rodeh and O. Shtrichman and M. Siegel",
  title =        {{Deciding Equality Formulas by Small Domains
                 Instantiations}},
  pages =        "455--469",
  booktitle =    "11th International Conference on Computer Aided Verification, CAV'99",
  year      =	 1999,
  editor    =	 {N.~Halbwachs and D.~Peled},
  series    =	 {Lecture Notes in Computer Science},
  volume    =	 1633,
  publisher =	 {Springer}
}


@InProceedings{SaidiShankar1999CAV,
  author    = { H. Sa{\"\i}di and
               N. Shankar},
  title     = {{Abstract and Model Check While You Prove}},
  pages     = {443-454},
  booktitle =    "11th International Conference on Computer Aided Verification, CAV'99",
  year      =	 1999,
  editor    =	 {N.~Halbwachs and D.~Peled},
  series    =	 {Lecture Notes in Computer Science},
  volume    =	 1633,
  publisher =	 {Springer}
}

@INPROCEEDINGS{FilliatreOwre2001CAV,
  author = {J. Filli{\^a}tre and S. Owre and H. Rue{\ss} and Natarajan Shankar},
  title = {{ICS: Integrated Canonization and Solving (Tool presentation)}},
  pages = {246--249},
  booktitle = "13th International Conference on Computer Aided Verification, CAV'01",
  year = 2001,
  editor = {G. Berry and H. Comon and A. Finkel},
  series = {Lecture Notes in Computer Science},
  volume = 2102,
  publisher = {Springer},
}

@inproceedings{Bryantetal2002CAV,
  author = "R. E. Bryant and S. K. Lahiri and S. A. Seshia",
  title = {{Modeling and Verifying Systems Using a Logic of Counter Arithmetic 
           with Lambda Expressions and Uninterpreted Functions}},
  pages = {78--92},
  booktitle =    "14th International Conference on Computer Aided Verification, CAV'02",
  year      =	 2002,
  editor    =	 {E. Brinksma and K. G. Larsen},
  series    =	 {Lecture Notes in Computer Science},
  volume    =	 2404,
  publisher =	 {Springer}
}


@inproceedings{Barrettetal2002CAV,
  author = "C. Barrett and D. Dill and A. Stump",
  title = {{Checking Satisfiability of First-Order Formulas by Incremental Translation into SAT}},
  pages = {236--249},
  booktitle =    "14th International Conference on Computer Aided Verification, CAV'02",
  year      =	 2002,
  editor    =	 {E. Brinksma and K. G. Larsen},
  series    =	 {Lecture Notes in Computer Science},
  volume    =	 2404,
  publisher =	 {Springer}
}

@inproceedings{CVC,
  author = "C. Barrett and D. Dill and A. Stump",
  title = {{Checking Satisfiability of First-Order Formulas by Incremental Translation into SAT}},
  pages = {236--249},
  booktitle =    "14th International Conference on Computer Aided Verification, CAV'02",
  year      =	 2002,
  editor    =	 {E. Brinksma and K. G. Larsen},
  series    =	 {Lecture Notes in Computer Science},
  volume    =	 2404,
  publisher =	 {Springer}
}

@inproceedings{Strichman2002CAV,
  author =       "O. Strichman and S. A. Seshia and R. E.
                 Bryant",
  title =        {{Deciding Separation Formulas with {SAT}}},
  pages =        "209--222",
  booktitle =    "14th International Conference on Computer Aided Verification, CAV'02",
  year      =	 2002,
  editor    =	 {E. Brinksma and K. G. Larsen},
  series    =	 {Lecture Notes in Computer Science},
  volume    =	 2404,
  publisher =	 {Springer}
}


@inproceedings{Flanagan2003CAV,
  author    = "C. Flanagan and R. Joshi and X. Ou and J. B. Saxe",
  title     = {{Theorem Proving using Lazy Proof Explanation}},
  pages     = {355--367},
  booktitle =    "15th International Conference on Computer Aided Verification, CAV'03",
  year      =	 2003,
  editor    =	 {W. A. Hunt Jr. and F. Somenzi},
  series    =	 {Lecture Notes in Computer Science},
  volume    =	 2725,
  publisher =	 {Springer}
}

@InProceedings{Lahirietal2003CAV,
  author =       "S. K. Lahiri and R. E. Bryant and B. Cook",
  title =        {{A Symbolic Approach to Predicate Abstraction}},
  pages =        {141--153},
  booktitle =    "15th International Conference on Computer Aided Verification, CAV'03",
  year      =	 2003,
  editor    =	 {W. A. Hunt Jr. and F. Somenzi},
  series    =	 {Lecture Notes in Computer Science},
  volume    =	 2725,
  publisher =	 {Springer}
}


@InProceedings{Zapato2004CAV,
  author    = {T. Ball and
               B. Cook and
               S. K. Lahiri and
               L. Zhang},
  title     = {{Zapato: Automatic Theorem Proving for Predicate Abstraction
               Refinement}},  
  pages     = {457-461},
  booktitle =	 {16th International Conference on
                  Computer Aided Verification, CAV'04},
  year      =	 2004,
  editor    =	 {R.~Alur and D.~Peled},
  series    =	 {Lecture Notes in Computer Science},
  volume    =	 3114,
  publisher =	 {Springer}
}

@InProceedings{deMouraRuess2004CAV,
  author =	 {L. de Moura and H. Ruess},
  title =	 {{An Experimental Evaluation of Ground Decision Procedures}},
  pages =	 {162-174},
  booktitle =	 {16th International Conference on
                  Computer Aided Verification, CAV'04},
  year      =	 2004,
  editor    =	 {R.~Alur and D.~Peled},
  series    =	 {Lecture Notes in Computer Science},
  volume    =	 3114,
  publisher =	 {Springer}
}


@InProceedings{Ganzingeretal2004CAV,
  author =	 {H. Ganzinger and G. Hagen and R. Nieuwenhuis 
and A. Oliveras and C. Tinelli},
  title =	 {{{DPLL(T)}: Fast Decision Procedures}},
  pages =	 {175-188},
  booktitle =	 {16th International Conference on
                  Computer Aided Verification, CAV'04},
  year      =	 2004,
  editor    =	 {R.~Alur and D.~Peled},
  series    =	 {Lecture Notes in Computer Science},
  volume    =	 3114,
  publisher =	 {Springer}
}

@inproceedings{UCLID,
  author    = {S. K. Lahiri and
               S. A. Seshia},
  title     = {{The UCLID Decision Procedure.}},
  pages     = {475-478},
  booktitle =	 {16th International Conference on
                  Computer Aided Verification, CAV'04},
  year      =	 2004,
  editor    =	 {R.~Alur and D.~Peled},
  series    =	 {Lecture Notes in Computer Science},
  volume    =	 3114,
  publisher =	 {Springer}
}

@inproceedings{LahiriSeshia2004CAV,
  author    = {S. K. Lahiri and
               S. A. Seshia},
  title     = {{The UCLID Decision Procedure.}},
  pages     = {475-478},
  booktitle =	 {16th International Conference on
                  Computer Aided Verification, CAV'04},
  year      =	 2004,
  editor    =	 {R.~Alur and D.~Peled},
  series    =	 {Lecture Notes in Computer Science},
  volume    =	 3114,
  publisher =	 {Springer}
}

@inproceedings{Talupuretal2004CAV,
  author    = {M. Talupur and
               N. Sinha and
               O. Strichman and
               A. Pnueli},
  title     = {{Range Allocation for Separation Logic.}},
  pages     = {148-161},
  booktitle =	 {16th International Conference on
                  Computer Aided Verification, CAV'04},
  year      =	 2004,
  editor    =	 {R.~Alur and D.~Peled},
  series    =	 {Lecture Notes in Computer Science},
  volume    =	 3114,
  publisher =	 {Springer}
}


@InProceedings{BarrettBerezin2004CAV,
  author =	 {C. W. Barrett and S. Berezin},
  title =	 {{{CVC} Lite: A New Implementation of the Cooperating Validity
               Checker}},
  pages =	 {515-518},
  booktitle =	 {16th International Conference on
                  Computer Aided Verification, CAV'04},
  year      =	 2004,
  editor    =	 {R.~Alur and D.~Peled},
  series    =	 {Lecture Notes in Computer Science},
  volume    =	 3114,
  publisher =	 {Springer}
}


@InProceedings{CVCLite,
  author =	 {C. W. Barrett and S. Berezin},
  title =	 {{{CVC} Lite: A New Implementation of the Cooperating Validity
               Checker}},
  pages =	 {515-518},
  booktitle =	 {16th International Conference on
                  Computer Aided Verification, CAV'04},
  year      =	 2004,
  editor    =	 {R.~Alur and D.~Peled},
  series    =	 {Lecture Notes in Computer Science},
  volume    =	 3114,
  publisher =	 {Springer}
}

@InProceedings{SMT-COMP2005CAV,
  author    = "C. W. Barrett and L. de Moura and A. Stump",
  title     = {{SMT-COMP: Satisfiability Modulo Theories Competition}},
  pages     = {20--23},

  booktitle = "17th International Conference on Computer Aided Verification, CAV'05",
  year      = "2005",
  editor    = "K. Etessami and S. Rajamani",
  series    = {Lecture Notes in Computer Science},
  volume    = {3576},
  publisher = "Springer"
}


@InProceedings{JhalaMcmillan2005CAV,
  author    = {R. Jhala and K. L.~McMillan},
  title     = {{Interpolation-based Transition Relation Approximation}},
  pages     = {39-51},
  booktitle = "17th International Conference on Computer Aided Verification, CAV'05",
  year      = "2005",
  editor    = "K. Etessami and S. Rajamani",
  series    = {Lecture Notes in Computer Science},
  volume    = {3576},
  publisher = "Springer"
}


@InProceedings{Lahirietal2005CAV,
  author    = {S. K. Lahiri and
               T. Ball and
               B. Cook},
  title     = {{Predicate Abstraction via Symbolic Decision Procedures}},
  pages     = {24-38},
  booktitle = "17th International Conference on Computer Aided Verification, CAV'05",
  year      = "2005",
  editor    = "K. Etessami and S. Rajamani",
  series    = {Lecture Notes in Computer Science},
  volume    = {3576},
  publisher = "Springer"
}

@InProceedings{MeirStrichman2005CAV,
  author    = {O. Meir and
               O. Strichman},
  title     = {{Yet Another Decision Procedure for Equality Logic}},
  pages     = {307-320},
  booktitle = "17th International Conference on Computer Aided Verification, CAV'05",
  year      = "2005",
  editor    = "K. Etessami and S. Rajamani",
  series    = {Lecture Notes in Computer Science},
  volume    = {3576},
  publisher = "Springer"
}

@InProceedings{NieuwenhuisOliveras2005CAV,
  author    = {R. Nieuwenhuis and A. Oliveras},
  title     = {{{DPLL(T)} with Exhaustive Theory Propagation and its Application to Difference Logic}},
  pages     = {321-334},
  booktitle = {17th International Conference on Computer Aided Verification, CAV'05},
  year      = "2005",
  editor    = "K. Etessami and S. Rajamani",
  series    = {Lecture Notes in Computer Science},
  volume    = {3576},
  publisher = "Springer"
}

@inproceedings{Bozzanoetal2005CAV,
  author    = {M. Bozzano and
               R. Bruttomesso and
               A. Cimatti and
               T. A. Junttila and
               S. Ranise and
               P. van Rossum and
               R. Sebastiani},
  title     = {{Efficient Satisfiability Modulo Theories via Delayed Theory
               Combination.}},
  pages     = {335-349},
  booktitle = {17th International Conference on Computer Aided Verification, CAV'05},
  year      = "2005",
  editor    = "K. Etessami and S. Rajamani",
  series    = {Lecture Notes in Computer Science},
  volume    = {3576},
  publisher = "Springer"
}


@InProceedings{Lahirietal2006CAV,
  author    = {S. K. Lahiri and R. Nieuwenhuis and A. Oliveras},
  title     = {{SMT Techniques for Fast Predicate Abstraction}},
  pages     = {413-426},
  booktitle = {18th International Conference on Computer Aided Verification, CAV'06},
  year      = "2006",
  editor    = "T. Ball and R. B. Jones",
  series    = {Lecture Notes in Computer Science},
  volume    = {4144},
  publisher = "Springer"
}

@InProceedings{deMouraDuterte2006CAV,
  author = {B. Dutertre and L. de Moura},
  title = {{A Fast Linear-Arithmetic Solver for DPLL(T)}},
  pages     = {81-94},
  booktitle = {18th International Conference on Computer Aided Verification, CAV'06},
  year      = "2006",
  editor    = "T. Ball and R. B. Jones",
  series    = {Lecture Notes in Computer Science},
  volume    = {4144},
  publisher = "Springer"
}

@inproceedings{CVC3,
  author    = {C. Barrett and
               C. Tinelli},
  title     = {{CVC3}},
  pages     = {298-302},
  booktitle = {19th International Conference on Computer Aided Verification, CAV'07},
  year      = {2007},
  editor    = {W. Damm and
               H. Hermanns},
  series    = {Lecture Notes in Computer Science},
  volume    = {4590},
  publisher = "Springer"
}

@inproceedings{GaneshDill2007CAV,
  author    = {Vijay Ganesh and
               David L. Dill},
  title     = {{A Decision Procedure for Bit-Vectors and Arrays}},
  pages     = {519-531},
  booktitle = {19th International Conference on Computer Aided Verification, CAV'07},
  year      = {2007},
  editor    = {W. Damm and
               H. Hermanns},
  series    = {Lecture Notes in Computer Science},
  volume    = {4590},
  publisher = "Springer"
}

@inproceedings{Bruttomessoetal2007CAV,
  author    = {Roberto Bruttomesso and
               Alessandro Cimatti and
               Anders Franz{\'e}n and
               Alberto Griggio and
               Ziyad Hanna and
               Alexander Nadel and
               Amit Palti and
               Roberto Sebastiani},
  title     = {{A Lazy and Layered SMT(BV) Solver for Hard Industrial
               Verification Problems}},
  pages     = {547-560},
  booktitle = {19th International Conference on Computer Aided Verification, CAV'07},
  year      = {2007},
  editor    = {W. Damm and
               H. Hermanns},
  series    = {Lecture Notes in Computer Science},
  volume    = {4590},
  publisher = "Springer"
}

====
====
POPL
====
====

@InProceedings{CousotCousot1977POPL,
 author = "P. Cousot and R. Cousot",
 title = "{{Abstract Interpretation : A Unified Lattice Model for the Static Analysis of Programs by Construction or Approximation of Fixpoints}}",
 pages = "238--252",
 booktitle = "{Conference Record of the 4th Annual Symposium on Principles of Programming Languages, POPL'77}",
 year = "1977", 
 publisher = "ACM Press"
}

@InProceedings{FlanaganQadeer2002POPL,
  author =       {C. Flanagan and
                  S. Qadeer},
  title =        {{Predicate Abstraction for Software Verification}},
  pages =        "191--202",
  booktitle =    {Conference Record of the 29th Annual ACM Symposium on Principles of Programming Languages, POPL'02},
  year =         {2002},
  publisher =    {ACM Press},
}

@InProceedings{Henzingeretal2002POPL,
 author = "T. A. Henzinger and R. Jhala and R. Majumdar and G. Sutre",
 title = {{Lazy Abstraction}},
 pages = "58--70",
 booktitle =    {Conference Record of the 29th Annual ACM Symposium on Principles of Programming Languages, POPL'02},
 year =         {2002},
 publisher =    {ACM Press},
} 

@inproceedings{BallRajamani2002POPL,
 author = {T. Ball and S. K. Rajamani},
 title = {{The SLAM project: Debugging System Software via Static Analysis}},
 pages = {1--3},
 booktitle =    {Conference Record of the 29th Annual ACM Symposium on Principles of Programming Languages, POPL'02},
 year =         {2002},
 publisher =    {ACM Press}
 }

@inproceedings{SLAM,
 author = {T. Ball and S. K. Rajamani},
 title = {{The SLAM project: Debugging System Software via Static Analysis}},
 pages = {1--3},
 booktitle =    {Conference Record of the 29th Annual ACM Symposium on Principles of Programming Languages, POPL'02},
 year =         {2002},
 publisher =    {ACM Press}
 }

@InProceedings{LahiriQaader2006POPL,
  author =       {S. K. Lahiri and S. Qaader},
  title =        {{Verifying Properties of Well-founded Linked Lists}},
  booktitle =    {Conference Record of the 33rd Annual ACM Symposium on Principles of Programming Languages, POPL'06},
  organization = {ACM},
  year =         {2006},
  editor    =    {J. G. Morrisett and
                  S. L. Peyton Jones},
  pages =        "115--126",
}


=====
=====
TACAS
=====
=====

@InProceedings{Balletal2004TACAS,
  author =       "T. Ball and B. Cook and S. Das and S. K. Rajamani",
  title =        {{Refining Approximations in Software Predicate Abstraction}},
  pages =        "388-403",
  booktitle = 	 {10th International Conference on Tools and Algorithms for the Construction and Analysis of Systems, TACAS'04},
  year =         "2004",
  editor =       "K. Jensen and A. Podelski",
  series =       {Lecture Notes in Computer Science},
  volume =        2988,
  publisher =    "Springer"
}


@InProceedings{Bozzanoetal2005TACAS,
  author =       "M. Bozzano and R. Bruttomesso and A. Cimatti and  T. Junttila and  P. van Rossum and  S. Schulz and R. Sebastiani",
  title =        {{An incremental and Layered Procedure for the Satisfiability of Linear Arithmetic Logic}},
  pages={317--333},
  booktitle = 	 {11th International Conference on Tools and Algorithms for the Construction and Analysis of Systems, TACAS'05},
  year =         "2005",
  editor = "N. Halbwachs and L. D. Zuch",
  series = {Lecture Notes in Computer Science},
  volume = 3440,
  publisher = "Springer"
}


@InProceedings{Leinoetal2005TACAS,
 author = {K. R. M. Leino and M. Musuvathi and X.Ou},
 title =  {{A Two-Tier Technique for Supporting Quantifiers in a Lazily Proof-Explicating Theorem Prover}},
 pages={334--348},
 booktitle = {11th International Conference on Tools and Algorithms for the Construction and Analysis of Systems, TACAS'05},
 year =  "2005",
 editor = "N. Halbwachs and L. D. Zuch",
 series = {Lecture Notes in Computer Science},
 volume = 3440,
 publisher = "Springer"
}


===
===
RTA
===
===

@InProceedings{Kapur1997RTA,
  author = "D. Kapur",
  title =  {{Shostak's Congruence Closure as Completion}},
  pages =  {23--37},
  booktitle =  "8th International Conference on
                Rewriting Techniques and Applications, RTA'97",
  year =        "1997",
  editor = "H. Comon",
  series = {Lecture Notes in Computer Science},
  volume = 1232,
  publisher = "Springer"
}

@InProceedings{NieuwenhuisOliveras2005RTA,
  author    = {R. Nieuwenhuis and
               A. Oliveras},
  title     = {{Proof-Producing Congruence Closure}},
  pages     = {453--468},
  booktitle = {16th International Conference on Term Rewriting and Applications, RTA'05},
  year      = {2005},
  editor    = {J. Giesl},
  series    = {Lecture Notes in Computer Science},
  volume    = {3467},
  publisher = {Springer}
}


@InProceedings{StumpTan2005RTA,
  author    = {A. Stump and
               L. Tan},
  title     = {{The Algebra of Equality Proofs}},  
  pages     = {469--483},
  booktitle = {16th International Conference on Term Rewriting and Applications, RTA'05},
  year      = {2005},
  editor    = {J. Giesl},
  series    = {Lecture Notes in Computer Science},
  volume    = {3467},
  publisher = {Springer}
}

@InProceedings{Nieuwenhuisetal2007RTA,
  author    = {R. Nieuwenhuis and
               A. Oliveras and
               E. Rodr{\'\i}guez-Carbonell and
               A. Rubio},
  title     = {{Challenges in Satisfiability Modulo Theories}},  
  pages     = {2-18},
  booktitle = {18th International Conference on Term Rewriting and Applications, RTA'07},
  year      = {2007},
  editor    = {F. Baader},
  series    = {Lecture Notes in Computer Science},
  volume    = {4533},
  publisher = {Springer}
}



==
==
CP
==
==

@INPROCEEDINGS{Sinz2005CP,
  author = {C.~Sinz},
  title = {Towards an Optimal {CNF} Encoding of Boolean Cardinality
		Constraints},
  pages = {827--831},
  booktitle = {Principles and Practice of Constraint Programming, 11th International Conference, CP'05},		
  year = 2005,
  editor    = {P. v. Beek},
  series    = {Lecture Notes in Computer Science},
  volume    = {3709},
  publisher = {Springer}
}

@inproceedings{BailleuxBoufkhad2003CP,
  author    = {O. Bailleux and
               Y. Boufkhad},
  title     = {{Efficient CNF Encoding of Boolean Cardinality Constraints}},
  pages     = {108-122},
  booktitle = {Principles and Practice of Constraint Programming, 9th International Conference, CP'03},
  year      = {2003},
  editor    = {F. Rossi},
  series    = {Lecture Notes in Computer Science},
  volume    = {2833},
  publisher = {Springer}
}


@inproceedings{Lietal2005CP,
  author    = {C. Li and
               F. Many{\`a} and
               J. Planes},
  title     = {{Solving Over-Constrained Problems with {SAT}}},
  pages     = {403-414},
  booktitle = {Principles and Practice of Constraint Programming, 11th International Conference, CP'05},
  year      = {2005},
  editor    = {P. v. Beek},
  series    = {Lecture Notes in Computer Science},
  volume    = {3709},
  publisher = {Springer}
}

@InProceedings{Sheinietal2005CP,
  author    = {H. M. Sheini and
               B. Peintner and
               K. A. Sakallah and
               M. E. Pollack},
  title     = {{On Solving Soft Temporal Constraints Using SAT Techniques.}},
  pages     = {607-621},
  booktitle = {Principles and Practice of Constraint Programming, 11th International Conference, CP'05},
  year      = {2005},
  editor    = {P. v. Beek},
  series    = {Lecture Notes in Computer Science},
  volume    = {3709},
  publisher = {Springer}
}

@inproceedings{MarquesSilvaLynce2007CP,
  author    = {J. P. Marques-Silva and
               I. Lynce},
  title     = {Towards Robust CNF Encodings of Cardinality Constraints},
  pages     = {483-497},
  booktitle = {Principles and Practice of Constraint Programming, 13th International Conference, CP'07},
  year      = {2007},
  editor    = {C. Bessiere},
  series    = {Lecture Notes in Computer Science},
  volume    = {4741},
  publisher = {Springer}
}



@inproceedings{Ohrimenkoetal2007CP,
  author    = {O. Ohrimenko and
               P. Stuckey and
               M. Codish},
  title     = {Propagation = Lazy Clause Generation},
  pages     = {544--558},
  booktitle = {Principles and Practice of Constraint Programming, 13th International Conference, CP'07},
  year      = {2007},
  editor    = {C. Bessiere},
  series    = {Lecture Notes in Computer Science},
  volume    = {4741},
  publisher = {Springer}
}

====
====
LPAR
====
====

@InProceedings{NieuwenhuisOliveras2003LPAR,
  author = "R. Nieuwenhuis and A. Oliveras",
  title = {{Congruence Closure with Integer Offsets}},
  pages = "78-90",
  booktitle = "10th International Conference on Logic for Programming,
 Artificial Intelligence and Reasoning, LPAR'03", 
  year = "2003",
  editor = "M. Vardi and A. Voronkov",
  series    = {Lecture Notes in Computer Science},
  volume    = {2850},
  publisher = {Springer}
}


@InProceedings{Nieuwenhuisetal2004LPAR,
  author    = {R. Nieuwenhuis and
               A. Oliveras and
               C. Tinelli},
  title     = {{Abstract DPLL and Abstract DPLL Modulo Theories}},
  pages     = {36-50},
  booktitle = "11th International Conference on Logic for Programming,
 Artificial Intelligence and Reasoning, LPAR'04", 
  year      = {2004},
  editor    = {F. Baader and
               A. Voronkov},
  series    = {Lecture Notes in Computer Science},
  volume    = {3452},
  publisher = {Springer}
}


@InProceedings{NieuwenhuisOliveras2005LPAR,
  author    = {R. Nieuwenhuis and
               A. Oliveras},
  title     = {{Decision Procedures for SAT, SAT Modulo Theories and Beyond.
The BarcelogicTools. (Invited Paper)}},
  pages     = {23--46},
  booktitle = "12h International Conference on Logic for Programming,
 Artificial Intelligence and Reasoning, LPAR'05", 
  year      = {2005},
  editor    = {G. Sutcliffe and
               A. Voronkov},
  series    = {Lecture Notes in Computer Science},
  volume    = {3835},
  publisher = {Springer}
}

@InProceedings{Barrettetal2006LPAR,
  author    = {C. Barrett and
               R. Nieuwenhuis and
               A. Oliveras and
               C. Tinelli},
  title     = {{Splitting on Demand in SAT Modulo Theories}},
  pages     = {512--526},
  booktitle = "13h International Conference on Logic for Programming,
 Artificial Intelligence and Reasoning, LPAR'06", 
  year      = {2006},
  editor    = {M. Hermann and
               A. Voronkov},
  series    = {Lecture Notes in Computer Science},
  volume    = {4246},
  publisher = {Springer}
}


===
===
DAC
===
===

@inproceedings{Biere99DAC,
  author    = {Armin Biere and
               Alessandro Cimatti and
               Edmund M. Clarke and
               Masahiro Fujita and
               Yunshan Zhu},
  title     = {Symbolic Model Checking Using SAT Procedures instead of BDDs},
  booktitle = {DAC},
  year      = {1999},
  pages     = {317-320},
  ee        = {http://doi.acm.org/10.1145/309847.309942},
  bibsource = {DBLP, http://dblp.uni-trier.de}
}

@inproceedings{FallahDK98DAC,
  author    = {Farzan Fallah and
               Srinivas Devadas and
               Kurt Keutzer},
  title     = {Functional Vector Generation for HDL Models Using Linear
               Programming and 3-Satisfiability},
  booktitle = {DAC},
  year      = {1998},
  pages     = {528-533},
  ee        = {http://doi.acm.org/10.1145/277044.277187},
  bibsource = {DBLP, http://dblp.uni-trier.de}
}


@InProceedings{Moskewiczetal2001DAC,
  author =       "M. W. Moskewicz and C. F. Madigan and Y. Zhao and L. Zhang and S. Malik",
  title =        {{Chaff: Engineering an Efficient {SAT} Solver}},
  pages = {530--535},
  booktitle =    "38th Design Automation Conference, DAC'01",
  year =         "2001",
  publisher   = {ACM Press}
}

@InProceedings{Chaff2001,
  author =       "M. W. Moskewicz and C. F. Madigan and Y. Zhao and L. Zhang and S. Malik",
  title =        {{Chaff: Engineering an Efficient {SAT} Solver}},
  pages = {530--535},
  booktitle =    "38th Design Automation Conference, DAC'01",
  year =         "2001",
  publisher   = {ACM Press}
}

@inproceedings{Seshia2003DAC,
 author    = "S. Seshia and S. K. Lahiri and R. E. Bryant",
 title     = {{A Hybrid {SAT}-Based Decision Procedure for Separation Logic wit
h Uninterpreted Functions}},
 pages     = "425--430",
 booktitle = {40th Design Automation Conference, DAC'03},
 year      = {2003},
 publisher   = {ACM Press}
}

@inproceedings{ChenG96DAC,
  author    = {Chih-Ang Chen and
               Sandeep K. Gupta},
  title     = {A Satisfiability-Based Test Generator for Path Delay Faults
               in Combinational Circuts},
  booktitle = {DAC},
  year      = {1996},
  pages     = {209-214},
  ee        = {http://doi.acm.org/10.1145/240518.240557},
  bibsource = {DBLP, http://dblp.uni-trier.de}
}


===
===
SAT
===
===

@inproceedings{FuM06SAT,
  author    = {Zhaohui Fu and
               Sharad Malik},
  title     = {On Solving the Partial MAX-SAT Problem},
  booktitle = {Theory and Applications of Satisfiability Testing - 
SAT 2006, 9th International Conference, Seattle, WA, USA, 
August 12-15, 2006, Proceedings},
  year      = {2006},
  pages     = {252-265},
  ee        = {http://dx.doi.org/10.1007/11814948_25},
  publisher = {Springer},
  series    = {Lecture Notes in Computer Science},
  isbn      = {3-540-37206-7},
  bibsource = {DBLP, http://dblp.uni-trier.de}
}

@inproceedings{ManquinhoSP09SAT,
  author    = {Vasco M. Manquinho and
               Jo{\~a}o P. Marques Silva and
               Jordi Planes},
  title     = {Algorithms for Weighted Boolean Optimization},
  pages     = {495-508},
  booktitle = "12th International Conference on Theory and Applications of Satisfiability Testing, SAT'09",
  year      = {2009},
  series    = {Lecture Notes in Computer Science},
  volume    = {5584},
  publisher = {Springer} 
}

@inproceedings{SorenssonBiere2009SAT,
  author    = {Niklas S{\"o}rensson and
               Armin Biere},
  title     = {Minimizing Learned Clauses},
  pages     = {237-243},
  booktitle = "12th International Conference on Theory and Applications of Satisfiability Testing, SAT'09",
  year      = {2009},
  series    = {Lecture Notes in Computer Science},
  volume    = {5584},
  publisher = {Springer}  
}


@inproceedings{AnsoteguiBL09SAT,
  author    = {Carlos Ans{\'o}tegui and
               Maria Luisa Bonet and
               Jordi Levy},
  title     = {Solving (Weighted) Partial MaxSAT through Satisfiability
               Testing},
  pages     = {427-440},
  booktitle = "12th International Conference on Theory and Applications of Satisfiability Testing, SAT'09",
  year      = {2009},
  series    = {Lecture Notes in Computer Science},
  volume    = {5584},
  publisher = {Springer}
}


@InProceedings{Alouletal2002SAT,
  author    = {F. A.~Aloul and A. Ramani and I.~L. Markov and K.~A. Sakallah},
  title     = {{{PBS}: A Backtrack-Search Pseudo-Boolean Solver and Optimizer}},
  booktitle = {{5th International Conference on Theory and Applications of Satisfiability Testing, SAT'02}},
  year      = {2002},
  pages     = {346--353}
}


@InProceedings{MouraRuess2002SAT,
  title =     {{Lemmas on Demand for Satisfiability Solvers}},
  author =    {L. de Moura and H. Rue{\ss}},
  booktitle = {{5th International Conference on Theory and Applications of Satisfiability Testing, SAT'02}},
  year =      2002,
  pages =     "244-251",
}

@inproceedings{EenSorensson2003SAT,
 author    = {N. E{\'e}n and
              N. S{\"o}rensson},
 title     = {{An Extensible SAT-solver.}},
 pages     = {502-518},
 booktitle = {6th International Conference on Theory and Applications of Satisfiability Testing, SAT'03},
 year      = {2004},
 editor    = {E. Giunchiglia and
              A. Tacchella},
 series    = {Lecture Notes in Computer Science},
 volume    = {2919},
 publisher = {Springer}
}

@InProceedings{ZhangMalik2003SAT,
 title =  {{Cache Performance of {SAT} Solvers: A Case Study for 
Efficient Implementation of Algorithms}},
 author = {L. Zhang and S. Malik},
 pages     = {287--298},
 booktitle = {6th International Conference on Theory and Applications of Satisfiability Testing, SAT'03},
 year      = {2004},
 editor     = {E. Giunchiglia and
               A. Tacchella},
 series    = {Lecture Notes in Computer Science},
 volume    = {2919},
 publisher = {Springer}
 }

@InProceedings{Zhang2001,
  author = "L. Zhang and C. F. Madigan and M. W. Moskewicz and S. Malik", 
  title = "Efficient Conflict Driven Learning in a {B}oolean Satisfiability 
           Solver", 
  booktitle = "Int. Conf. on Computer-Aided Design (ICCAD'01)", 
  year = "2001",
  pages = "279--285"
}

@inproceedings{Relsat97,
    author = "Roberto J. Jr. Bayardo and Robert C. Schrag",
    title = "Using {CSP} Look-Back Techniques to Solve Real-World {SAT} Instances",
    booktitle = "Proceedings of the Fourteenth National Conference on Artificial Intelligence ({AAAI}'97)",
    address = "Providence, Rhode Island",
    pages = "203--208",
    year = "1997",
    url = "citeseer.ist.psu.edu/bayardo97using.html"
}

@InProceedings{Goldberg2002DATE,
  author = "E. Goldberg and Y. Novikov", 
  title = "{BerkMin}: A  Fast and Robust {SAT}-Solver", 
  booktitle = "Design,  Automation, and Test in Europe  (DATE '02)", 
  year = "2002",
  pages = "142--149"
}

@inproceedings{Hertel07SAT,
  author    = {Alexander Hertel and Philipp Hertel and Alasdair Urquhart},
  title     = {Formalizing Dangerous SAT Encodings},
  booktitle = {Theory and Applications of Satisfiability Testing - SAT 2007},
  year      = {2007},
  pages     = {159-172},
  editor    = {Jo{\~a}o Marques-Silva and Karem A. Sakallah},
  series    = {Lecture Notes in Computer Science},
  volume    = {4501},
  ee        = {http://dx.doi.org/10.1007/978-3-540-72788-0_18},
  bibsource = {DBLP, http://dblp.uni-trier.de},
  publisher = {Springer}
}


@inproceedings{Armandoetal2004SAT,
  author    = {A. Armando and C. Castellini and E. Giunchiglia and M. Maratea},
  title     = {{A SAT-based Decision Procedure for the Boolean Combination of Difference Constraints}},
  pages     = {16--29},
  booktitle = {{7th International Conference on Theory and Applications of Satisfiability Testing, SAT'04}},
  year      = {2005},
  editor    = {H. H. Hoos and
               D. G. Mitchell},
  series    = {Lecture Notes in Computer Science},
  volume    = {3542},
  publisher = {Springer}
}


@inproceedings{EenBiere2005SAT,
  author    = {N. E{\'e}n and
               A. Biere},
  title     = {{Effective Preprocessing in SAT Through Variable and Clause
               Elimination.}},
  pages     = {61--75},
  booktitle = {{8th International Conference on Theory and Applications of Satisfiability Testing, SAT'05}},
  year      = {2005},
  editor    = {F. Bacchus and T. Walsh},
  series    = {Lecture Notes in Computer Science},
  volume    = {3569},
  publisher = {Springer}
}


@inproceedings{SheiniSakallah2005SAT,
  author    = {H. M. Sheini and
               K. A. Sakallah},
  title     = {{A Scalable Method for Solving Satisfiability of Integer
               Linear Arithmetic Logic.}},
  pages     = {241--256},
  booktitle = {{8th International Conference on Theory and Applications of Satisfiability Testing, SAT'05}},
  year      = {2005},
  editor    = {F. Bacchus and T. Walsh},
  series    = {Lecture Notes in Computer Science},
  volume    = {3569},
  publisher = {Springer}
}



@InProceedings{YuMalik2006SAT,
  author    = {Y. Yu and
               S. Malik},
  title     = {{Lemma Learning in SMT on Linear Constraints}},
  pages     = {142--155},
  booktitle = "9th International Conference on Theory and Applications of Satisfiability Testing, SAT'06",
  year      = {2006},
  editor    = {A. Biere and C. P. Gomes},
  series    = {Lecture Notes in Computer Science},
  volume    = {4121},
  publisher = {Springer}
}

@inproceedings{CottonMaler2006SAT,
  author    = {S.Cotton and
               O. Maler},
  title     = {{Fast and Flexible Difference Constraint Propagation for
               DPLL(T)}},
  pages     = {170-183},
  booktitle = "9th International Conference on Theory and Applications of Satisfiability Testing, SAT'06",
  year      = {2006},
  editor    = {A. Biere and C. P. Gomes},
  series    = {Lecture Notes in Computer Science},
  volume    = {4121},
  publisher = {Springer}
}


@InProceedings{Herasetal2007SAT,
 author    = "F. Heras and
              J. Larrosa and
              A. Oliveras",
 title     = {{MiniMaxSat: A New Weighted Max-SAT Solver}},
 pages     = {41--55},
 booktitle = "10th International Conference on Theory and Applications of Satisfiability Testing, SAT'07",
 year      = {2007},
 editor    = {J. Marques-Silva and K. A. Sakallah},
 series    = {Lecture Notes in Computer Science},
 volume    = {4501},
 publisher = {Springer}
}

@inproceedings{Larrosaetal2009SAT,
  author    = {Javier Larrosa and
               Robert Nieuwenhuis and
               Albert Oliveras and
               Enric Rodr\'{\i}guez-Carbonell},
  title     = {Branch and Bound for Boolean Optimization and the Generation
               of Optimality Certificates},
  booktitle = "12th International Conference on Theory and Applications 
               of Satisfiability Testing, SAT'09",
 series    = {Lecture Notes in Computer Science 5584},
  year      = {2009},
  pages     = {453-466},
}


@inproceedings{bonet09SAT,
  editor    = {Oliver Kullmann},
  publisher = {Springer},
  author    = {Maria Luisa Bonet and
               Katherine St. John},
  title     = {Efficiently Calculating Evolutionary Tree Measures Using
               SAT},
  booktitle = "12th International Conference on Theory and Applications of Satisfiability Testing, SAT'09",
  series    = {Lecture Notes in Computer Science 5584},
  year      = {2009},
  pages     = {4-17},
  ee        = {http://dx.doi.org/10.1007/978-3-642-02777-2_3},
  bibsource = {DBLP, http://dblp.uni-trier.de}
}

@inproceedings{SorenssonB09SAT,
  author    = {Niklas S{\"o}rensson and
               Armin Biere},
  title     = {Minimizing Learned Clauses},
  booktitle = {Theory and Applications of Satisfiability Testing - SAT 2009, 12th International Conference, SAT 2009, Swansea, UK, June 30 - July 3, 2009. Proceedings},
  year      = {2009},
  pages     = {237-243},
  ee        = {http://dx.doi.org/10.1007/978-3-642-02777-2_23},
  bibsource = {DBLP, http://dblp.uni-trier.de}
}

@inproceedings{MarquesSilvaM08SAT,
  author    = {Jo{\~a}o Marques-Silva and
               Vasco M. Manquinho},
  title     = {Towards More Effective Unsatisfiability-Based Maximum Satisfiability
               Algorithms},
  booktitle = {Theory and Applications of Satisfiability Testing - SAT
               2008, 11th International Conference, SAT 2008, Guangzhou,
               China, May 12-15, 2008. Proceedings},
  year      = {2008},
  pages     = {225-230},
  ee        = {http://dx.doi.org/10.1007/978-3-540-79719-7_21},
  bibsource = {DBLP, http://dblp.uni-trier.de}
}

@inproceedings{SinzI09SAT,
  author    = {Carsten Sinz and
               Markus Iser},
  title     = {Problem-Sensitive Restart Heuristics for the DPLL Procedure},
  booktitle = {Theory and Applications of Satisfiability Testing - SAT
               2009, 12th International Conference, SAT 2009, Swansea,
               UK, June 30 - July 3, 2009. Proceedings},
  year      = {2009},
  pages     = {356-362},
  ee        = {http://dx.doi.org/10.1007/978-3-642-02777-2_33},
  bibsource = {DBLP, http://dblp.uni-trier.de}
}

@inproceedings{Biere08SAT,
  author    = {Armin Biere},
  title     = {Adaptive Restart Strategies for Conflict Driven SAT Solvers},
  booktitle = {Theory and Applications of Satisfiability Testing - SAT
               2008, 11th International Conference, SAT 2008, Guangzhou,
               China, May 12-15, 2008. Proceedings},
  year      = {2008},
  pages     = {28-33},
  ee        = {http://dx.doi.org/10.1007/978-3-540-79719-7_4},
  bibsource = {DBLP, http://dblp.uni-trier.de}
}

=====
=====
=====
PDPAR
=====
=====
=====

@inproceedings{RaniseTinelli2003PDPAR,
	AUTHOR = {S. Ranise and C. Tinelli},
	TITLE = {{The SMT-LIB Format: An Initial Proposal}},
 booktitle = {1st Workshop on Pragmatics of Decision Procedures in Automated Reasoning, PDPAR'03},
  address =  {Miami, USA},
  year = "2003"
}

@inproceedings{KlapperStump2004PDPAR,
	AUTHOR = {R. Klapper and A. Stump},
	TITLE = {{Validated Proof-Producing Decision Procedures}},
 booktitle = {2nd Workshop on Pragmatics of Decision Procedures in Automated Reasoning, PDPAR'04},
  address =  {Cork, Ireland},
  year = "2004"
}

@inproceedings{DeMouraRuessShankar2004PDPAR,
	AUTHOR = {L. de Moura and H. Rue{\ss} and N. Shankar},
	TITLE = {{Justifying Equality}},
 booktitle = {2nd Workshop on Pragmatics of Decision Procedures in Automated Reasoning, PDPAR'04},
  address =  {Cork, Ireland},
  year = "2004"
}


======
======
======
THESIS
======
======
======

@phdthesis{LiTHESIS04,
author = "X. Y. Li",
title = {Optimization Algorithms for the Minimum-Cost Satisfiability Problem},
year="2004",
school={Dept. Comp. Sc., N. Carolina State Univ.}
}

@phdthesis{Muller05thesis,
  title={{Constraint-based Timetabling}},
  author={Muller, T.},
  school={PhD thesis, Charles University in Prague, Faculty of Mathematics and Physics, 2005},
  year = {2005}
}

@phdthesis{Freeman1995THESIS,
 author = {Jon William Freeman},
 title = {Improvements to propositional satisfiability search algorithms},
 year = {1995},
 school = {University of Pennsylvania},
 order_no = {UMI Order No. GAX95-32175},
 publisher = {University of Pennsylvania},
}

@phdthesis{Barret2003Thesis,
author = "C. W. Barrett",
title = {{Checking Validity of Quantifier-Free Formulas in Combinations of First-Order Theories}},
year="2003",
school={Stanford University}
}



@MASTERSTHESIS{Siege,
  author      =       {L. Ryan},
  title       =       {{Efficient Algorithms for Clause-Learning SAT Solvers}},
  year        =       {2004},
  school      =       {School of Computing Science, Simon Fraser University}
}

@MASTERSTHESIS{Ryan2004Thesis,
  author      =       {L. Ryan},
  title       =       {{Efficient Algorithms for Clause-Learning SAT Solvers}},
  year        =       {2004},
  school      =       {School of Computing Science, Simon Fraser University}
}

@MASTERSTHESIS{Chin04Thesis,
  author      =       {Kenneth Chin-A-Fat},
  title       =       {School Timetabling using Satisfiability Solvers.},
  school      =       {Technical University Delft, The Netherlands},  
  year        =       {September 2004},
}

@MASTERSTHESIS{Hartog07Thesis,
  author      =       {Jantien Hartog},
  title       =       {Timetabling on Dutch High Schools: Satisfiability versus gp-Untis.},
  school      =       {Technical University Delft, The Netherlands},  
  year        =       {2007},
}


JOURNALS
=======

@article{PipatsrisawatPCCD08,
  author    = {Knot Pipatsrisawat and
               Akop Palyan and
               Mark Chavira and
               Arthur Choi and
               Adnan Darwiche},
  title     = {Solving Weighted Max-SAT Problems in a Reduced Search Space:
               A Performance Analysis},
  journal   = {JSAT},
  volume    = {4},
  number    = {2-4},
  year      = {2008},
  pages     = {191-217},
  ee        = {http://jsat.ewi.tudelft.nl/content/volume4/JSAT4_10_Pipatsrisawat.pdf},
  bibsource = {DBLP, http://dblp.uni-trier.de}
}

@article{HerasLO08,
  author    = {Federico Heras and
               Javier Larrosa and
               Albert Oliveras},
  title     = {MiniMaxSAT: An Efficient Weighted Max-SAT solver},
  journal   = {J. Artif. Intell. Res. (JAIR)},
  volume    = {31},
  year      = {2008},
  pages     = {1-32},
  ee        = {http://dx.doi.org/10.1613/jair.2347},
  bibsource = {DBLP, http://dblp.uni-trier.de}
}

@article{AlsinetMP08,
  author    = {Teresa Alsinet and
               Felip Many{\`a} and
               Jordi Planes},
  title     = {An efficient solver for weighted Max-SAT},
  journal   = {J. Global Optimization},
  volume    = {41},
  number    = {1},
  year      = {2008},
  pages     = {61-73},
  ee        = {http://dx.doi.org/10.1007/s10898-007-9166-9},
  bibsource = {DBLP, http://dblp.uni-trier.de}
}

@article{LuH2010,
  author    = {Zhipeng L{\"u} and
               Jin-Kao Hao},
  title     = {Adaptive Tabu Search for course timetabling},
  journal   = {European Journal of Operational Research},
  volume    = {200},
  number    = {1},
  year      = {2010},
  pages     = {235-244},
  ee        = {http://dx.doi.org/10.1016/j.ejor.2008.12.007},
  bibsource = {DBLP, http://dblp.uni-trier.de}
}

@article{Denzinger96JSC,
  author    = {J{\"o}rg Denzinger and
               Stephan Schulz},
  title     = {Recording and Analysing Knowledge-Based Distributed Deduction
               Processes},
  journal   = {J. Symb. Comput.},
  volume    = {21},
  number    = {4},
  year      = {1996},
  pages     = {523-541},
  bibsource = {DBLP, http://dblp.uni-trier.de}
}

@article{BorosH02,
  author    = {Endre Boros and
               Peter L. Hammer},
  title     = {Pseudo-Boolean optimization.},
  journal   = {Discrete Applied Mathematics},
  volume    = {123},
  number    = {1-3},
  year      = {2002},
  pages     = {155-225},
}

@Article{Hammer84,
  author =       {P.L. Hammer and P. Hansen and B. Simeone},
  title =        {Roof duality, complementation and persistency in quadratic 0-1 optimization},
  journal =      {Mathematical Programming},
  pages = {121--155},
  year =         {1984},
  volume = 28
}


@Article{Maros1986EJOR,
author={I. Maros},
title={{A general Phase-I method in linear programming}},
journal={European Journal of Operational Research},
year=1986,
volume={23},
number={1},
pages={64-77},
month={January}
}

@article{Pudlak1997JSL,
 author = {P. Pudl\'ak},
 title = {{Lower bounds for resolution and cutting planes proofs and monotone computations}},
 journal = {Journal of Symbolic Logic},
 volume = {62},
 number = {3},
 year = {1997},
 pages = {981--998}
}

@article{NelsonOppen1979TOPLAS,
 author =  {G. Nelson and D. C. Oppen},
 title =   {{Simplification by Cooperating Decision Procedures}},
 journal = {ACM Transactions on Programming Languages and Systems, TOPLAS},
 volume =  {1},
 number =  {2},
 year =    {1979},
 pages =   {245--257}
}

@Article{Robinson1965JACM,
  author =       "J.A. Robinson",
  title =        {{A Machine-Oriented Logic Based on the Resolution Principle}},
  journal =      "Journal of the ACM, JACM",
  volume =       "12",
  number =       "1",
  year =         "1965",
  pages =        "23--41"
}

@article{Armandoetal2003IC,
  author    = {A. Armando and
               S. Ranise and
               M. Rusinowitch},
  title     = {{A rewriting approach to satisfiability procedures.}},
  journal   = {Information and Computation.},
  volume    = {183},
  number    = {2},
  year      = {2003},
  pages     = {140-164}
}

@article{Simplify,
  author    = {D. Detlefs and
               G.  Nelson and
               J. B. Saxe},
  title     = {{Simplify: a theorem prover for program checking.}},
  journal   = {Journal of the ACM, JACM},
  volume    = {52},
  number    = {3},
  year      = {2005},
  pages     = {365-473}
}

@article{Detlefsetal2005JACM,
  author    = {D. Detlefs and
               G.  Nelson and
               J. B. Saxe},
  title     = {{Simplify: a theorem prover for program checking.}},
  journal   = {Journal of the ACM, JACM},
  volume    = {52},
  number    = {3},
  year      = {2005},
  pages     = {365-473}
}

@article{Forte,
      AUTHOR    = {C. H. Seger and R. B. Jones and J. W. O'Leary
                   and T. Melham and M. D. Aagaard and C. Barrett and 
                   D. Syme},
      TITLE     = {{An Industrially Effective Environment for Formal Hardware
                   Verification}},
      JOURNAL   = {IEEE Transactions on Computer-Aided Design of Integrated
                   Circuits and Systems},
      VOLUME    = {24},
      NUMBER    = {9},
      YEAR      = {2005},
      PAGES     = {1381--1405}
}

@article{Segeretatl2005TCADIC,
      AUTHOR    = {C. H. Seger and R. B. Jones and J. W. O'Leary
                   and T. Melham and M. D. Aagaard and C. Barrett and 
                   D. Syme},
      TITLE     = {{An Industrially Effective Environment for Formal Hardware
                   Verification}},
      JOURNAL   = {IEEE Transactions on Computer-Aided Design of Integrated
                   Circuits and Systems},
      VOLUME    = {24},
      NUMBER    = {9},
      YEAR      = {2005},
      PAGES     = {1381--1405}
}


@article{FourColor1Part1977Illinois,
  AUTHOR = {K. Appel and W. Haken},
  TITLE = {{Every Planar Map is Four Colorable. Part I: Discharging}},
  JOURNAL = {Illinois Journal of Mathematics},
  VOLUME = {21},
  PAGES = {429--490},
  YEAR = {1977}
}

@article{FourColor2Part1977Illinois,
  AUTHOR = {K. Appel and W. Haken},
  TITLE = {{Every Planar Map is Four Colorable. Part II: Reducibility}},
  JOURNAL = {Illinois Journal of Mathematics},
  VOLUME = {21},
  PAGES = {429--490},
  YEAR = {1977}
}


@article{Guardetal1969JACM,
 author = {J. R. Guard and F. C. Oglesby and J. H. Bennett and L. G. Settle},
 title = {{Semi-Automated Mathematics}},
journal = "Journal of the ACM, JACM",
 volume = {16},
 number = {1},
 year = {1969},
 pages = {49--62}
 }

@article{JeroslowWang1990AMAI,
  AUTHOR = {R. G. Jeroslow and J. Wang},
  TITLE = {{Solving Propositional Satisfiability Problems}},
  JOURNAL = {Annals of Mathematics and Artificial Intelligence},
  VOLUME = {1},
  PAGES = {167--187},
  YEAR = {1990}
}


@article{MarquesSakallah1999IEEE,
 author = {J. Marques-Silva and K. A. Sakallah},
 title = {{{GRASP}: A Search Algorithm for Propositional Satisfiability}},
 journal = {IEEE Transactions on Computers},
 volume = {48},
 number = {5},
 year = {1999},
 pages = {506--521}
 }

@article{GRASP,
 author = {J. Marques-Silva and K. A. Sakallah},
 title = {{{GRASP}: A Search Algorithm for Propositional Satisfiability}},
 journal = {IEEE Transactions on Computers},
 volume = {48},
 number = {5},
 year = {1999},
 pages = {506--521}
 }


@Article{NelsonOppen1980JACM,
  author =       "G. Nelson and D. C. Oppen",
  title =        {{Fast Decision Procedures Based on Congruence Closure}},
  journal =      "Journal of the ACM, JACM",
  year =         "1980",
  volume =       "27",
  number =       "2",
  pages =        "356--364"
}


@article{Shostak1978CACM,
 author = {R. E. Shostak},
 title = {{An Algorithm for Reasoning about Equality}},
 journal = {Communications of the ACM, CACM},
 volume = {21},
 number = {7},
 pages     = {583-585},
 year = {1978}
}

@Article{Pueblo,
  author    = {H. M. Sheini and K. A. Sakallah},
  title     = {{Pueblo: A Hybrid Pseudo-Boolean {SAT} Solver}},
  journal   = {Journal on Satisfiability, Boolean Modeling and Computation, JSAT},
  volume    = {2},
  year      = {2006},
  pages     = {165--189}
}

@Article{SheiniSakallah2006JSAT,
  author    = {H. M. Sheini and K. A. Sakallah},
  title     = {{Pueblo: A Hybrid Pseudo-Boolean {SAT} Solver}},
  journal   = {Journal on Satisfiability, Boolean Modeling and Computation, JSAT},
  volume    = {2},
  year      = {2006},
  pages     = {165--189}
}

@Article{Tarjan1975JACM,
  title = {{Efficiency of a Good but not Linear Set Union Algorithm}},
  author =       "R. E. Tarjan",
  journal =      "Journal of the ACM, JACM",
  volume =       "22",
  number =       "2",
  pages =        "215--225",
  year =         "1975"
}


@Article{Tarjan1979JCSS,
  title = {{A Class of Algorithms That Require Nonlinear Time to Maintain Disjoint Sets}},
  author =       "R. E. Tarjan",
  journal =      "Journal of Computer and System Sciences, JSCC",
  volume =       "18",
  number =       "2",
  pages =        "110--127",
  year =         "1979"
}


@article{Tseitin1968,
  AUTHOR = {G. S. Tseitin},
  TITLE = {{On the Complexity of Derivation in the Propositional Calculus}},
  JOURNAL = {Zapiski nauchnykh seminarov LOMI},
  VOLUME = {8},
  PAGES = {234--259},
  YEAR = {1968}
}


@article{XingZhang2005AI,
 author = {Z. Xing and W. Zhang},
 title = {MaxSolver: an Efficient Exact Algorithm for (Weighted) Maximum Satisfiability},
 journal = {Artificial Intelligence},
 volume = {164},
 number = {1-2},
 year = {2005},
 pages = {47--80}
 }

@article{Bonetetal2000SIAM,
  author    = {M. L. Bonet and
               J. L. Esteban and
               N. Galesi and
               J. Johannsen},
  title     = {{On the Relative Complexity of Resolution Refinements and
               Cutting Planes Proof Systems.}},
  journal   = {SIAM Journal on Computing},
  volume    = {30},
  number    = {5},
  year      = {2000},
  pages     = {1462-1484}
}

@article{jaffar-survey,
	Author = {J. Jaffar and M. Maher},
	Journal = {Journal of Logic Programming},
	Pages = {503--581},
	Title = {{Constraint Logic Programming: A Survey}},
	Volume = {19/20},
	Year = 1994}

@Article{Bryantetal2001TOCL,
  author =       "R. E. Bryant and S. M. German and M. N. Velev",
  title =        {{Processor Verification Using Efficient Reductions of
                 the Logic of Uninterpreted Functions to Propositional
                 Logic}},
  journal =      "ACM Transactions on Computational Logic, TOCL",
  volume =       "2",
  number =       "1",
  pages =        "93--134",
  year =         "2001"
}

@Article{BryantVelev2002TOCL,
  author =       "R. E. Bryant and M. N. Velev",
  title =        {{Boolean Satisfiability with Transitivity Constraints}},
  journal =      "ACM Transactions on Computational Logic, TOCL",
  volume =       "3",
  number =       "4",
  pages =        "604--627",
  year =         "2002"
}


@Article{CELAR,
  author    = {B. Cabon and
               S. Givry and
               L. Lobjois and
               T. Schiex and
               J. P. Warners},
  title     = {{Radio Link Frequency Assignment.}},
  journal   = {Constraints},
  volume    = {4},
  number    = {1},
  year      = {1999},
  pages     = {79-89}
}

@Article{Cabonetal1999Constraints,
  author    = {B. Cabon and
               S. Givry and
               L. Lobjois and
               T. Schiex and
               J. P. Warners},
  title     = {{Radio Link Frequency Assignment.}},
  journal   = {Constraints},
  volume    = {4},
  number    = {1},
  year      = {1999},
  pages     = {79-89}
}


@article{Clarkeetal2004FMSD,
  AUTHOR    = { E. M. Clarke and
                D. Kroening and
                N. Sharygina and
                K. Yorav},
  TITLE     = {{ Predicate Abstraction of {ANSI--C} Programs using {SAT} }},
  YEAR      = { 2004 },
  PAGES     = { 105--127 },
NUMBER = {2--3},
  JOURNAL   = { Formal Methods in System Design},
  VOLUME    = { 25 }
}

@Article{Davisetal1962CACM,
  author =       "M. Davis and G. Logemann and D. Loveland",
  title =        {{A Machine Program for Theorem-Proving}},
  journal =      "Communications of the ACM, CACM",
  volume =       "5",
  number =       "7",
  pages =        "394--397",
  year =         "1962",
}


@ARTICLE{DavisPutnam1960,
  AUTHOR = "M. Davis and H. Putnam",
  TITLE = {{A Computing Procedure for Quantification Theory}},
  YEAR = "1960",
  JOURNAL = "Journal of the ACM, JACM",
  VOLUME = "7",
  NUMBER="3",
  PAGES = "201--215"
}

@ARTICLE{DavisPutnam1960JACM,
  AUTHOR = "M. Davis and H. Putnam",
  TITLE = {{A Computing Procedure for Quantification Theory}},
  YEAR = "1960",
  JOURNAL = "Journal of the ACM, JACM",
  VOLUME = "7",
  NUMBER="3",
  PAGES = "201--215"
}

@inproceedings{MiniSAT,
 author    = {N. E{\'e}n and
              N. S{\"o}rensson},
 title     = {{An Extensible SAT-solver.}},
 pages     = {502-518},
 booktitle = {6th International Conference on Theory and Applications of Satisfiability Testing, SAT'03},
 year      = {2004},
 editor    = {E. Giunchiglia and
              A. Tacchella},
 series    = {Lecture Notes in Computer Science},
 volume    = {2919},
 publisher = {Springer}
 }

@Article{MiniSAT+,
  author    = {N . E{\'e}n and
               N. S{\"o}rensson},
  title     = {{Translating Pseudo-Boolean Constraints into {SAT}}},
  journal   = {Journal on Satisfiability, Boolean Modeling and Computation},
  volume    = {2},
  year      = {2006},
  pages     = {1--26}
}

@article{GabowTarjan1985JCSC,
  author    = {H. N. Gabow and
               R. E. Tarjan},
  title     = {{A Linear-Time Algorithm for a Special Case of Disjoint Set
               Union.}},
  journal   = {Journal of Computer and System Sciences, JCSS},
  volume    = {30},
  number    = {2},
  year      = {1985},
  pages     = {209-221}
}

@article{Aspvall1979121,
title = "A linear-time algorithm for testing the truth of certain quantified boolean formulas",
journal = "Information Processing Letters",
volume = "8",
number = "3",
pages = "121 - 123",
year = "1979",
note = "",
issn = "0020-0190",
author = "Bengt Aspvall and Michael F. Plass and Robert Endre Tarjan",
keywords = "Quantified Boolean formula",
keywords = "strongly connected components",
keywords = "2-CNF",
keywords = "2-satisfiability"
}


@Article{Downeyetal1980JACM,
  author =       "P. J. Downey and R. Sethi and R. E. Tarjan",
  year =         "1980",
  title =        {{Variations on the Common Subexpressions Problem}},
  journal =      "Journal of the ACM, JACM",
  volume =       "27",
  number =       "4",
  pages =        "758--771",
}


@article{StephanBS96,
  author    = {Paul R. Stephan and
               Robert K. Brayton and
               Alberto L. Sangiovanni-Vincentelli},
  title     = {Combinational test generation using satisfiability},
  journal   = {IEEE Trans. on CAD of Integrated Circuits and Systems},
  volume    = {15},
  number    = {9},
  year      = {1996},
  pages     = {1167-1176},
  ee        = {http://doi.ieeecomputersociety.org/10.1109/43.536723},
  bibsource = {DBLP, http://dblp.uni-trier.de}
}

@article{Nieuwenhuisetal2006JACM,
 author = {R. Nieuwenhuis and A. Oliveras and C. Tinelli},
 title = {{Solving SAT and SAT Modulo Theories: From an abstract Davis--Putnam--Logemann--Loveland procedure to DPLL(T)}},
 journal = {Journal of the ACM, JACM},
 volume = {53},
 number = {6},
 year = {2006},
 pages = {937--977},
 publisher = {ACM Press}
 }

@article{NieuwenhuisOliveras2007IC,
  author    = {R. Nieuwenhuis and
               A. Oliveras},
  title     = {{Fast Congruence Closure and Extensions}},
  journal   = {Information and Computation, IC},
  volume    = {2005},
  number    = {4},
  year      = {2007},
  pages     = {557-580},
}

@Article{McCune1997JAR,
  title =        {Solution of the {Robbins} Problem},
  author =       {W. McCune},
  journal =      {Journal of Automated Reasoning, JAR},
  pages =        {263--276},
  year =         {1997},
  volume =       {19},
  number =       {3}
}

@Article{Cassowary2001,
  title =        {{The Cassowary Linear Arithmetic Constraint Solving Algorithm}},
  author =       {G. J. Badros and A. Borning and P. J. Stuckey},
  journal =      {ACM Transactions on Computer-Human Interaction (TOCHI)},
  pages =        {267--306},
  year =         {2001},
  volume =       {8},
  number =       {4}
}

@article{Kuehlmann02CAD,
  author    = {Andreas Kuehlmann and
               Viresh Paruthi and
               Florian Krohm and
               Malay K. Ganai},
  title     = {Robust Boolean reasoning for equivalence checking and functional
               property verification},
  journal   = {IEEE Trans. on CAD of Integrated Circuits and Systems},
  volume    = {21},
  number    = {12},
  year      = {2002},
  pages     = {1377-1394},
  ee        = {http://doi.ieeecomputersociety.org/10.1109/TCAD.2002.804386},
  bibsource = {DBLP, http://dblp.uni-trier.de}
}

@article{picosat2008,
  author    = {Armin Biere},
  title     = {PicoSAT Essentials},
  journal   = {JSAT},
  volume    = {4},
  number    = {2-4},
  year      = {2008},
  pages     = {75-97},
  ee        = {http://jsat.ewi.tudelft.nl/content/volume4/JSAT4_5_Biere.pdf},
  bibsource = {DBLP, http://dblp.uni-trier.de}
}

@article{Biere2008JSAT,
  author    = {Armin Biere},
  title     = {PicoSAT Essentials},
  journal   = {JSAT},
  volume    = {4},
  number    = {2-4},
  year      = {2008},
  pages     = {75-97},
  ee        = {http://jsat.ewi.tudelft.nl/content/volume4/JSAT4_5_Biere.pdf},
  bibsource = {DBLP, http://dblp.uni-trier.de}
}

@article{Bryant1986IEEETC,
 author = {Randal E. Bryant},
 title = {Graph-based algorithms for Boolean function manipulation},
 journal = {IEEE Trans. Comput.},
 volume = {35},
 number = {8},
 year = {1986},
 issn = {0018-9340},
 pages = {677--691},
 publisher = {IEEE Computer Society},
}

@article{Cadoli05AI,
  title={{Compiling problem specifications into SAT}},
  author={Cadoli, M. and Schaerf, A.},
  journal={Artificial Intelligence},
  volume={162},
  number={1-2},
  pages={89--120},
  year={2005},
  publisher={Elsevier}
}

@article{Bonet06JCB,
  author    = {Maria Luisa Bonet and
               Katherine St. John and
               Ruchi Mahindru and
               Nina Amenta},
  title     = {Approximating Subtree Distances Between Phylogenies},
  journal   = {Journal of Computational Biology},
  volume    = {13},
  number    = {8},
  year      = {2006},
  pages     = {1419-1434},
  ee        = {http://dx.doi.org/10.1089/cmb.2006.13.1419},
  bibsource = {DBLP, http://dblp.uni-trier.de}
}

@article{Larrabee92,
  author    = {Tracy Larrabee},
  title     = {Test pattern generation using Boolean satisfiability},
  journal   = {IEEE Trans. on CAD of Integrated Circuits and Systems},
  volume    = {11},
  number    = {1},
  year      = {1992},
  pages     = {4-15},
  ee        = {http://doi.ieeecomputersociety.org/10.1109/43.108614},
  bibsource = {DBLP, http://dblp.uni-trier.de}
}

@article{LarrosaHG08,
  author    = {Javier Larrosa and
               Federico Heras and
               Simon de Givry},
  title     = {A logical approach to efficient Max-SAT solving},
  journal   = {Artif. Intell.},
  volume    = {172},
  number    = {2-3},
  year      = {2008},
  pages     = {204-233},
  ee        = {http://dx.doi.org/10.1016/j.artint.2007.05.006},
  bibsource = {DBLP, http://dblp.uni-trier.de}
}

@article{SilvaMSS02,
  author    = {Lu\'{\i}s Guerra e Silva and
               Jo{\~a}o P. Marques Silva and
               Luis Miguel Silveira and
               Karem A. Sakallah},
  title     = {Satisfiability models and algorithms for circuit delay computation},
  journal   = {ACM Trans. Design Autom. Electr. Syst.},
  volume    = {7},
  number    = {1},
  year      = {2002},
  pages     = {137-158},
  ee        = {http://doi.acm.org/10.1145/504914.504920},
  bibsource = {DBLP, http://dblp.uni-trier.de}
}

@article{LubySZ93,
  author    = {Michael Luby and
               Alistair Sinclair and
               David Zuckerman},
  title     = {Optimal Speedup of Las Vegas Algorithms},
  journal   = {Inf. Process. Lett.},
  volume    = {47},
  number    = {4},
  year      = {1993},
  pages     = {173-180},
  bibsource = {DBLP, http://dblp.uni-trier.de}
}

@article{Haken1985TCS,
  author    = {Armin Haken},
  title     = {The Intractability of Resolution},
  journal   = {Theor. Comput. Sci.},
  volume    = {39},
  year      = {1985},
  pages     = {297-308},
  bibsource = {DBLP, http://dblp.uni-trier.de}
}

@article{Jackson2002TOSEM,
  author    = {Daniel Jackson},
  title     = {Alloy: a lightweight object modelling notation},
  journal   = {ACM Trans. Softw. Eng. Methodol.},
  volume    = {11},
  number    = {2},
  year      = {2002},
  pages     = {256-290},
}

@Article{RiazanovVoronkov2002AICOM,
  AUTHOR = "Alexandre Riazanov and Andrei Voronkov",
  TITLE = "{The design and implementation of VAMPIRE}",
  YEAR = "2002",
  journal =      "AI Communications",
  volume =       "15",
  number =       "91-110"
}


BOOKS
======

@Book{Handbook2001,
  author = "J. A. Robinson and A. Voronkov",
  title =        {{Handbook of Automated Reasoning}},
  YEAR = "2001",
  PUBLISHER = "Elsevier Science Publishers and MIT Press"
}

@book{Cormen,
 author = {T. T. Cormen and C. E. Leiserson and R. L. Rivest},
 title = {{Introduction to algorithms}},
 year = {1990},
 publisher = {MIT Press},
 }

@Book{DershowitzPlaisted2001Handbook,
  AUTHOR = "N. Dershowitz and D. Plaisted",
  TITLE = {{Rewriting}},
  YEAR = "2001",
  BOOKTITLE = "Handbook of Automated Reasoning",
  PUBLISHER = "Elsevier Science Publishers and MIT Press"
}

@Book{Schrijver1987,
  author =       "A. Schrijver",
  title =        {{Theory of Linear and Integer Programming}},
  year =         "1987",
  publisher =    "John Wiley and Sons",
}

@BOOK{Hodges1993,
  author                = {W. Hodges},
  title         = {{Model Theory}},
  publisher     = {Cambridge University Press},
  series                = {Enclyclopedia of mathematics and its applications},
  volume                = 42,               
  year          = 1993,
}

@Book{HuthRyan2000,
  author        = {M. Huth and M. Ryan },
  title         = {{Logic in Computer Science: Modelling and Reasoning about Systems}},
  publisher     = {Cambridge University Press},
  year          = 2000
}

@Book{Binefa1998,
  author        = {X. Binefa},
  title         = {{L\`ogica computacional}},
  publisher     = {Universitat Aut\`onoma de Barcelona, Servei de Publicacions},
  year          = 1998
}

@Book{Benari2001,
  author        = {M. Ben-Ari},
  title         = {{Mathematical Logic for Computer Science}},
  publisher     = {Springer},
  year          = 2001
}

@Book{Schoning1989,
  author        = {U. Sch\"oning},
  title         = {{Logic for Computer Scientists}},
  publisher     = {Birk\"auser},
  year          = 1989
}

@Book{Fitting1996,
  author        = {M. Fitting},
  title         = {First-Order Logic and Automated Theorem Proving},
  publisher     = {Springer},
  year          = 1996
}


@book{sat-book,
  editor    = {Armin Biere and
               Marijn Heule and
               Hans van Maaren and
               Toby Walsh},
  title     = {Handbook of Satisfiability},
  booktitle = {Handbook of Satisfiability},
  publisher = {IOS Press},
  series    = {Frontiers in Artificial Intelligence and Applications},
  volume    = {185},
  year      = {2009},
  isbn      = {978-1-58603-929-5},
  bibsource = {DBLP, http://dblp.uni-trier.de}
}

@book{Kunz1997,
 author = {Kunz, Wolfgang and Stoffel, Dominik},
 note = {Foreword By-Bryant, Randal E.},
 title = {Reasoning in Boolean Networks: Logic Synthesis and Verification Using Testing Techniques},
 year = {1997},
 isbn = {0792399218},
 publisher = {Kluwer Academic Publishers},
 address = {Norwell, MA, USA},
 }

OTHER CONFS
===========

@inproceedings{AnsoteguiBL09,
 author = {Ans\'{o}tegui, Carlos and Bonet, Mar\'{\i}a Luisa and Levy, Jordi},
 title = {On Solving MaxSAT Through SAT},
 booktitle = {Proceeding of the 2009 conference on Artificial Intelligence Research and Development},
 year = {2009},
 isbn = {978-1-60750-061-2},
 pages = {284--292},
 publisher = {IOS Press},
 address = {Amsterdam, The Netherlands, The Netherlands},
 }

@inproceedings{Batcher68AFIPS,
  author    = {Kenneth E. Batcher},
  title     = {Sorting Networks and Their Applications},
  booktitle = {AFIPS Spring Joint Computing Conference},
  year      = {1968},
  pages     = {307-314},
  publisher = {Thomson Book Company, Washington D.C.},
  series    = {AFIPS Conference Proceedings},
  volume    = {32},
}

@inproceedings{Kostuch04PATAT,
  author    = {Philipp Kostuch},
  title     = {The University Course Timetabling Problem with a Three-Phase
               Approach},
  booktitle = {PPractice and Theory of Automated Timetabling V, 5th International
               Conference, PATAT 2004, Pittsburgh, PA, USA, August 18-20,
               2004, Revised Selected Papers},
  year      = {2004},
  pages     = {109-125},
  publisher = {Springer},
  series    = {Lecture Notes in Computer Science},
  volume    = {3616},
  isbn      = {3-540-30705-2},
}


@InProceedings{Gelder02AMAI,
  author    = {Allen Van Gelder},
  title     = {Extracting (Easily) Checkable Proofs from a Satisfiability
               Solver that Employs both Preorder and Postorder Resolution},
  booktitle = {Seventh Int'l Symposium on AI and Mathematics (AMAI)},
  year      = {2002},
  ee        = {http://rutcor.rutgers.edu/$\sim$amai/aimath02/PAPERS/33.ps},
  bibsource = {DBLP, http://dblp.uni-trier.de}
}

@inproceedings{Bryantetal2007TACAS,
  author    = {Randal E. Bryant and
               Daniel Kroening and
               Jo{\"e}l Ouaknine and
               Sanjit A. Seshia and
               Ofer Strichman and
               Bryan A. Brady},
  title     = {Deciding Bit-Vector Arithmetic with Abstraction},
  booktitle = {Tools and Algorithms for the Construction and Analysis of
               Systems, 13th Int. Conf., (TACAS)},
  publisher = {Springer LNCS 4424},
  year      = {2007},
  pages     = {358-372},
}


@inproceedings{McGeerSSBS91ICCAD,
  author    = {Patrick C. McGeer and
               Alexander Saldanha and
               Paul R. Stephan and
               Robert K. Brayton and
               Alberto L. Sangiovanni-Vincentelli},
  title     = {Timing Analysis and Delay-Fault Test Generation using Path-Recursive
               Functions},
  booktitle = {ICCAD},
  year      = {1991},
  pages     = {180-183},
  bibsource = {DBLP, http://dblp.uni-trier.de}
}


@INPROCEEDINGS{Batcher1968AFIPS,
    author = {K. E. Batcher},
    title = {{Sorting Networks and their Applications}},
    booktitle = {AFIPS Spring Joint Computing Conference},
    year = {1968},
    pages = {307--314}
}

@inproceedings{SheiniSakallah2005CPAIOR,
  author    = {H. M. Sheini and K. A. Sakallah},
  title     = {{A SAT-Based Decision Procedure for Mixed Logical/Integer Linear Problems.}},
  pages     = {320--335},
  booktitle = {2n International Conferenece on the Integration of AI and OR Techniques in Constraint Programming for Combinatorial Optimization Problems, CPAIOR'05},
  year      = {2005},
  editor    = {R. Bart{\'a}k and
               M. Milano},
  series    = {Lecture Notes in Computer Science},
  volume    = {3524},
  publisher = {Springer}
}

@inproceedings{Shankar2002FME,
  author    = {N. Shankar},
  title     = {{Little Engines of Proof.}},
  pages     = {1-20},
  booktitle = {International Symposium of Formal Methods Europe, FME'02},
  year      = {2002},
  editor    = {L. H. Eriksson and
               P. A. Lindsay},
  series    = {Lecture Notes in Computer Science},
  volume    = {2391},
  publisher = {Springer}
}


@InProceedings{Cook1971STOC,
  title =        {{The Complexity of Theorem-Proving Procedures}},
  author =       "S. A. Cook",
  pages =        "151--158",
  booktitle =    "3rd Annual {ACM} Symposium
                 on Theory of Computing, STOC'71 ",
  year =         "1971"
}


@InProceedings{Chakietal2003ICSE,
 author = "S. Chaki and E. M. Clarke and A. Groce and S. Jha and H. Veith",
 title = "{{Modular Verification of Software Components in C}}",
 booktitle = "{25th International Conference on Software Engineering, ICSE'03}",
 pages = "385--395",
 year = "2003",
 publisher = "{IEEE Computer Society 2003}"
}

@inproceedings{Cottonetal2004FORMATS,
 author    = {S. Cotton and
               E. Asarin and
               O. Maler and
               P. Niebert},
 title     = {{Some Progress in Satisfiability Checking for Difference
               Logic.}},
 pages     = {263-276},
 booktitle = {Joint International Conferences on Formal Modelling
               and Analysis of Timed Systems, FORMATS'04 and Formal Techniques
               in Real-Time and Fault-Tolerant Systems, FTRTFT'04},
 year      = {2004},
 editor    = {Y. Lakhnech and
               S. Yovine},
 series    = {Lecture Notes in Computer Science}, 
 volume    = {3253},
 publisher = {Springer}
}

@InProceedings{LahiriBryant2004VMCAI,
  author =       "S. K. Lahiri and R. E. Bryant",
  title =        {{Constructing Quantified Invariants via Predicate Abstraction}},
  pages = "267--281",
  booktitle =    "5th International Conference on Verification, Model Checking and Abstract Interpretation, VMCAI'04",
  year =         "2004",
  editor = "G. Levi and B. Steffen",
  series    = {Lecture Notes in Computer Science}, 
  volume = "2937",
  publisher = "Springer"
}


@InProceedings{Givryetal2005IJCAI,
  author    = {S. de Givry and
               F. Heras and
               M. Zytnicki and
               J. Larrosa},
  title     = {{Existential Arc Consistency: Getting Closer to Full Arc
               Consistency in Weighted CSPs.}},
  pages     = {84--89},
  booktitle = {19th International Joint
               Conference on Artificial Intelligence, IJCAI'05},
  editor    = {L. P. Kaelbling and
               A. Saffiotti},             
  year      = {2005},
  publisher = {Professional Book Center}
}


@InProceedings{LarrosaHeras2005IJCAI,
  author    = {J. Larrosa and
               F. Heras},
  title     = {{Resolution in Max-SAT and its Relation to Local Consistency
               in Weighted CSPs.}},
  pages     = {193-198},
  booktitle = {19th International Joint
               Conference on Artificial Intelligence, IJCAI'05},
  editor    = {L. P. Kaelbling and
               A. Saffiotti},             
  year      = {2005},
 publisher = {Professional Book Center}
}

@InProceedings{BeameKautzSabharwal2003IJCAI,
  author =       "Beame, P. and Kautz, H. and Sabharwal, A.",
  title =        {{Understanding the Power of Clause Learning}},
  pages     = {1194-1201},
  booktitle =    "18th International Joint
                 Conference on Artificial Intelligence, IJCAI'03",
  editor    = {G. Gottlob and
               T. Walsh},
  year =         "2003",
  publisher = {Morgan Kaufmann}
}


@InProceedings{GrumbergetalFMCAD2004,
  author    = {O. Grumberg and
               A. Schuster and
               A. Yadgar},
  title     = {{Memory Efficient All-Solutions SAT Solver and Its Application for Reachability
               Analysis}},
  booktitle = {5th International Conference on Formal Methods in Computer-Aided Design, FMCAD'04},
  year      = {2004},
  volume    = {3312},
  pages     = {275-289},
  publisher = {Springer},
  series    = {Lecture Notes in Computer Science},
  editor    = {A. J. Hu and
               A. K. Martin}
}

@InProceedings{StrichmanFMCAD2002,
  author    = {O. Strichman},
  title     = {{On Solving Presburger and Linear Arithmetic with SAT.}},
  pages     = {160-170},
  booktitle = {4th International Conference on Formal Methods in Computer-Aided Design, 
 FMCAD'02},
  year      = {2002},
  editor    = {M. Aagaard and
               J. W. O'Leary},
  series    = {Lecture Notes in Computer Science},
  volume    = {2517},
  publisher = {Springer}
}

@inproceedings{Barrettetal1996FMCAD,
  author =       "C. Barrett and D. L. Dill and J. Levitt",
  title =        {{Validity Checking for Combinations of Theories with
                 Equality}},
  pages =        "187--201",
  booktitle = {1st International Conference on Formal Methods in Computer-Aided Design,  FMCAD'96},
  year =         "1996",
  editor    = {M. K. Srivas and
               A. J. Camilleri},
  volume = {1166},
  publisher = {Springer},
  series    = {Lecture Notes in Computer Science}
}


@InProceedings{Tinelli2002JELIA,
  author =       {C. Tinelli},
  title =        {{A {DPLL}-based Calculus for Ground Satisfiability
                  Modulo Theories}},
  pages = "308--319",
  booktitle =    {8th European Conference on Logics in Artificial Intelligence, JELIA'02},
  year =         2002,
 editor    = {S. Flesca and
               S. Greco and
               N. Leone and
               G. Ianni},
  series    = {Lecture Notes in Computer Science},
  volume    = {2424},
  publisher = {Springer}
}

@InProceedings{DasDill2001LICS,
 author = "S. Das and D. L. Dill",
 title = {{Successive Approximation of Abstract Transition Relations}},
 pages = "51--60",
 booktitle = "{16th Annual IEEE Symposium on Logic in Computer Science, LICS'01}", 
 publisher = "IEEE Computer Society",
 year = "2001"
}

@InProceedings{Henzingeretal1992LICS,
    author = "T. A. Henzinger and X. Nicollin and J. Sifakis and S. Yovine",
    title = {{{S}ymbolic {M}odel {C}hecking for {R}eal-{T}ime {S}ystems}},
    booktitle = "{7th Annual IEEE Symposium on Logic in Computer Science, LICS'92}", 
    publisher = "IEEE Computer Scienty Press",
    pages = "394--406",
    year = "1992"
}

@InProceedings{Stumpetal2001LICS,
  author = "A. Stump and C. W. Barrett and D. L. Dill and J. R. Levitt",
  title = {{A Decision Procedure for an Extensional Theory of Arrays}},
  year = "2001",
  booktitle = "16th Annual IEEE Symposium on Logic in Computer Science, LICS'01",
  publisher = "IEEE Computer Society",
  pages = "29--37",
}

@InProceedings{GoldbergNovikov2002DATE,
  author = "E. Goldberg and Y. Novikov", 
  title = {{{BerkMin}: A  Fast and Robust {SAT}-Solver}}, 
  booktitle = "2002 Conference on Design,  Automation, and Test in Europe, DATE'02", 
  year = "2002",
  publisher = {IEEE Computer Society},
  pages = "142--149"
}

@inproceedings{Marques-SilvaG99DATE,
  author    = {Jo{\~a}o P. Marques Silva and
               Thomas Glass},
  title     = {Combinational Equivalence Checking Using Satisfiability
               and Recursive Learning},
  booktitle     = {1999 Design, Automation and Test in Europe (DATE '99), 9-12 March 1999, Munich, Germany},
  publisher = {IEEE Computer Society},
  year      = {1999},
  pages     = {145-149},
  ee        = {http://csdl.computer.org/comp/proceedings/date/1999/0078/00/00780145abs.htm},
  bibsource = {DBLP, http://dblp.uni-trier.de}
}

@InProceedings{BerkMin,
  author = "E. Goldberg and Y. Novikov", 
  title = {{{BerkMin}: A  Fast and Robust {SAT}-Solver}}, 
  booktitle = "2002 Conference on Design,  Automation, and Test in Europe, DATE'02", 
  year = "2002",
  publisher = {IEEE Computer Society},
  pages = "142--149"
}

@inproceedings{Goldberg2003DATE,
 author = {E. Goldberg and Y. Novikov},
 title = {Verification of Proofs of Unsatisfiability for CNF Formulas},
 booktitle = {DATE '03: Proceedings of the conference on Design, Automation and Test in Europe},
 year = {2003},
 isbn = {0-7695-1870-2},
 pages = {10886},
 publisher = {IEEE Computer Society},
 address = {Washington, DC, USA},
 }

@inproceedings{ZhangMalik2003DATE,
  author    = {L. Zhang and
               S. Malik},
  title     = {{Validating SAT Solvers Using an Independent Resolution-Based
               Checker: Practical Implementations and Other Applications.}},
  booktitle = {2003 Conference on Design, Automation and Test in Europe Conference, DATE'03},
  publisher = {IEEE Computer Society},
  year      = {2003},
  pages     = {10880-10885}
}

@inproceedings{ManoliosSrinivasan2004DATE,
  author    = {P. Manolios and
               S. K. Srinivasan},
  title     = {{Automatic Verification of Safety and Liveness for XScale-Like
               Processor Models Using WEB Refinements.}},
  pages     = {168-175},
  booktitle    = {2004 Conference on Design, Automation and Test in Europe Conference, DATE'04},
  year      = {2004},
  publisher = {IEEE Computer Society},
}

@inproceedings{ManoliosSrinivasan2005DATE,
  author    = {P. Manolios and
               S. K. Srinivasan},
  title     = {{Refinement Maps for Efficient Verification of Processor
               Models.}},
  pages     = {1304-1309},
   booktitle    = {2005 Conference on Design, Automation and Test in Europe Conference, DATE'05},
  year      = {2005},
  publisher = {IEEE Computer Society}
}

@inproceedings{SilvaPlanes2008DATE,
  author    = {J. Marques-Silva and
               J. Planes},
  title     = {{Algorithms for Maximum Satisfiability using Unsatisfiable
               Cores}},
  pages     = {408-413},
  booktitle = {2008 Conference on Design, Automation and Test in Europe Conference, DATE'08},
  year      = {2008},
  publisher = {IEEE Computer Society}
}


@InProceedings{Zhangetal2001ICCAD,
  author = "L. Zhang and C. F. Madigan and M. W. Moskewicz and S. Malik", 
  title = {{Efficient Conflict Driven Learning in a {B}oolean Satisfiability 
           Solver}}, 
  booktitle = "International Conference on Computer-Aided Design, ICCAD'01", 
  year = "2001",
  pages = "279--285"
}

@InProceedings{Balletal2001PLDI,
  Author = "T. Ball and R. Majumdar and T. D. Millstein and
        S. K. Rajamani",
  Title = {{Automatic Predicate Abstraction of {C} Programs}},
  pages = "203-213",
  Booktitle = "ACM SIGPLAN Conference on Programming Language Design and Implementation, PLDI'01",
series="SIGPLAN Notices",
volume = 36,
  Year = {2001},
publisher ="JACM"
}




@inproceedings{Flanaganetal2002PLDI,
  author    = {C. Flanagan and
               K.  Leino and
               M. Lillibridge and
               G. Nelson and
               J. B. Saxe and
               R. Stata},
  pages     = {234-245},
 title     = {{Extended Static Checking for Java.}},
  Booktitle = "ACM SIGPLAN Conference on Programming Language Design and Implementation, PLDI'02",
  year      = {2002},
  series="SIGPLAN Notices",
  volume = 37,
  publisher ="JACM"
}


@inproceedings{Armandoetal1999ECP,
  author =       "A. Armando and C. Castellini and E. Giunchiglia",
  title =        {{{SAT}-Based Procedures for Temporal Reasoning}},
  pages =        "97--108",
  booktitle =    { 5th European Conference on Planning, ECP'99},
  year =         "2000",
  editor =       "S. Biundo and M. Fox",
  series =       "Lecture Notes in Computer Science",
  volume =       "1809",
  publisher =    "Springer"
}


@inproceedings{Armandoetal2006SPIN,
  author    = {A. Armando and
               J. Mantovani and
               L. Platania},
  title     = {{Bounded Model Checking of Software Using SMT Solvers Instead
               of SAT Solvers.}},
  pages     = {146-162},
  booktitle =  {13th International SPIN Workshop, SPIN'06},
  year      = {2006},
  editor    = {A. Valmari},
  volume    = {3925},
  series    = {Lecture Notes in Computer Science},
  publisher = {Springer}
}


@InProceedings{CantoneZarba1999TABLEAUX,
  author    = {D. Cantone and
               C. G. Zarba},
  title     = {{A Tableau-Based Decision Procedure for a Fragment of Set Theory Involving a Restricted Form of Quantification}},
  pages     = {97-112},
  booktitle =  {Automated Reasoning with Analytic Tableaux and Related Methods,
               International Conference, TABLEAUX '99},
  year      = {1999},
  editor    = {N. V. Murray},
  volume    = {1617},
  series    = {Lecture Notes in Computer Science},
  publisher = {Springer}
}

@inproceedings{SilvaS97FTCS,
  author    = {Jo{\~a}o P. Marques Silva and
               Karem A. Sakallah},
  title     = {Robust Search Algorithms for Test Pattern Generation},
  booktitle = {FTCS},
  year      = {1997},
  pages     = {152-161},
  bibsource = {DBLP, http://dblp.uni-trier.de}
}

@inproceedings{NamSR99FPGA,
  author    = {Gi-Joon Nam and
               Karem A. Sakallah and
               Rob A. Rutenbar},
  title     = {Satisfiability-Based Layout Revisited: Detailed Routing
               of Complex FPGAs vis Search-Based Boolean SAT},
  booktitle = {FPGA},
  year      = {1999},
  pages     = {167-175},
  ee        = {http://doi.acm.org/10.1145/296399.296450},
  bibsource = {DBLP, http://dblp.uni-trier.de}
}

@inproceedings{NamSR99VLSI,
  author    = {Gi-Joon Nam and
               Karem A. Sakallah and
               Rob A. Rutenbar},
  title     = {Satisfiability-Based Detailed FPGA Routing},
  booktitle = {12th International Conference on VLSI Design (VLSI Design VLSI Design), 10-13 January 1999, Goa, India},
  year      = {1999},
  publisher = {IEEE Computer Society},
  pages     = {574-577},
  ee        = {http://doi.ieeecomputersociety.org/10.1109/ICVD.1999.745216},
  bibsource = {DBLP, http://dblp.uni-trier.de}
}



@inproceedings{EntrenaC93ICCAD,
  author    = {Luis Entrena and
               Kwang-Ting Cheng},
  title     = {Sequential logic optimization by redundancy addition and
               removal},
  booktitle     = {Proceedings of the 1993 IEEE/ACM International Conference on Computer-Aided Design, 1993, Santa Clara, California, USA, November 7-11, 1993},
  year      = {1993},
  pages     = {310-315},
  ee        = {http://doi.acm.org/10.1145/259794.259846},
  editor    = {Michael R. Lightner and
               Jochen A. G. Jess},
  bibsource = {DBLP, http://dblp.uni-trier.de}
}

@inproceedings{GuptaA98VLSI,
  author    = {Aarti Gupta and
               Pranav Ashar},
  title     = {Integrating a Boolean Satisfiability Checker and BDDs for Combinational Equivalence Checking},
  booktitle     = {11th International Conference on VLSI Design (VLSI Design 1991), 4-7 January 1998, Chennai, India},
  year      = {1998},
  publisher = {IEEE Computer Society},
  pages     = {222-225},
  ee        = {http://doi.ieeecomputersociety.org/10.1109/ICVD.1998.646606},
  bibsource = {DBLP, http://dblp.uni-trier.de}
}

@inproceedings{BerreP08SPLC,
  author    = {Daniel Le Berre and
               Anne Parrain},
  title     = {On SAT Technologies for Dependency Management and Beyond},
  booktitle = {Software Product Lines, 12th International Conference, SPLC 2008, Limerick, Ireland, September 8-12, 2008, Proceedings. Second Volume (Workshops)},
  year      = {2008},
  pages     = {197-200},
  bibsource = {DBLP, http://dblp.uni-trier.de}
}

WORKSHOPS
========

@inproceedings{Pnuelietal1998FMT,
  author    = {A. Pnueli and
               O. Strichman and
               M. Siegel},
  title     = {{Translation Validation: From DC+ to C*.}},
  pages     = {137-150},
  booktitle = {International Workshop on Current Trends in Applied Formal Method, FM-Trends'98.},
  year      = {1998},
  series    = {Lecture Notes in Computer Science},
  editor    = {D. Hutter and
               W. Stephan and
               P. Traverso and
               M. Ullmann},
  volume    = {1641},
  publisher = {Springer}
}

@inproceedings{StumpDill1999,
    author = "A. Stump and D. L. Dill",
    title = {{Generating Proofs from a Decision Procedure}},
    booktitle = "Proceedings of the FLoC Workshop on Run-Time Result Verification",
    editor = "A. Pnueli and P. Traverso",
    year = "1999"
}


@INPROCEEDINGS{Kim97rid,
    author = {Joonyoung Kim and Joo P. M. Silva and Hamid Savoj and Karem A. Sakallah},
    title = {RID-GRASP: Redundancy Identification and Removal Using GRASP},
    booktitle = {In IEEE/ACM International Workshop on Logic Synthesis},
    year = {1997}
}

@inproceedings{MarquesSilva1999PCAI,
 author = {Joao P. Marques Silva},
 title = {The Impact of Branching Heuristics in Propositional Satisfiability Algorithms},
 booktitle = {Proceedings of the 9th Portuguese Conference on Artificial Intelli
gence},
 year = {1999},
 isbn = {3-540-66548-X},
 pages = {62--74},
 publisher = {Springer-Verlag},
 }

@INPROCEEDINGS{ZhangStickel1996AIMATH,
  AUTHOR = {H. Zhang and M. E. Stickel},
  TITLE = {An efficient Algorithm for Unit Propagation},
  BOOKTITLE = {Proceedings of the Fourth International Symposium on
  Artificial Intelligence and Mathematics (AI-MATH'96)},
  ADDRESS = {Fort Lauderdale (Florida USA)},
  YEAR = 1996
}

MISC
====

@article{SilvaPlanes2007CORR,
  author    = {Jo{\~a}o Marques-Silva and
               Jordi Planes},
  title     = {On Using Unsatisfiability for Solving Maximum Satisfiability},
  journal   = {CoRR},
  volume    = {abs/0712.1097},
  year      = {2007},
  ee        = {http://arxiv.org/abs/0712.1097},
  bibsource = {DBLP, http://dblp.uni-trier.de}
}

@Unpublished{Maric08UNPUBLISHED,
  author = 	 {Filip Mari\'c},
  title = 	 {Timetabling Based on SAT Encoding: a Case Study},
  note = 	 {Faculty of Mathematics, University of Belgrade, Serbia},
  year =         {2008},
}

@misc{SMTLIB,
  author    = {C. Tinelli and S. Ranise},
      title     = {{SMT-LIB: The Satisfiability Modulo Theories Library}},
  year = "2005",
  note = "http://goedel.cs.uiowa.edu/smtlib/"
}

@misc{CUDD,

 key   = {CUDD: CU Decision Diagram Package},
note = {CUDD: CU Decision Diagram Package. Available at \texttt{http://vlsi.colorado.edu/fabio/CUDD/cuddIntro.html}.}
}

@misc{GMP,
 key   = {GMP},
note = {The GNU MP Bignum Library. Available at \texttt{http://gmplib.org/}.}
}

@Article{TPTP,
    Author       = "Sutcliffe, G. and Suttner, C.B.",
    Year         = "1998",
    Title        = {{The TPTP Problem Library: CNF Release v1.2.1}},
    Journal      = "Journal of Automated Reasoning",
    Volume       = "21",
    Number       = "2",
    Pages        = "177-203",
    Comment      = "REAL,ATPProgress,SystemOnTPTP,TPTPCite"
} 



@TECHREPORT{Yices,
  author = {B. Dutertre and L. de Moura},
  title = {{ The YICES SMT Solver}},
  institution = {Computer Science Laboratory, SRI International},
  year    = 2006,
  note    = {Available at \texttt{http://yices.csl.sri.com}}
}

@TECHREPORT{Z3,
  author = {L. de Moura and N. Bjorner},
  title = {{ Z3: An Efficient SMT Solver}},
  institution = {Microsoft Research, Redmond},
  year    = 2007,
  note    = {Available at \texttt{http://research.microsoft.com/projects/z3}}
}


@techreport{RuessShankar04,
author = {H. Rue\ss and N. Shankar},
title = {{Solving Linear Arithmetic Constraints}},
institution = "SRI International",
year = "2004",
number = "CSL-SRI-04-01",
} 

@TechReport{rsat,
author = { Knot Pipatsrisawat and Adnan Darwiche},
title =  { RSat 2.0: SAT Solver Description},
institution =  { Automated Reasoning Group, Computer Science Department, UCLA},
number =       {D--153},
year =         {2007}
}

@TECHREPORT{Stalmarck1989PATENT,
  AUTHOR = {G. St{\aa}lmarck},
  TITLE = {A system for determining Propositional Logic Theorems
                   by Applying Values and Rules to Triplets that are
                   generated from a formula},
  INSTITUTION = {European Patent N. 0403 454 (1995), US Patent N. 5 276
                   897, Swedish Patent N. 467 076 (1989)},
  YEAR = 1989
}

@misc{ACMCurricula,
 key   = {ACM/IEEE Computing Curricula - Computer Science, 2001.},
note = {ACM/IEEE Computing Curricula - Computer Science, 2001. Available at \texttt{http://www.acm.org/education/curricula.html}}
}


@misc{CPLEX,
  author = {{ILOG S.A.}},
  key= {CPLEX},
  note = {ILOG CPLEX Version 11.000. \texttt{http://www.ilog.com/products/cplex}},
  year = 2007
}

@misc{GLPK,
  author = {{A. Makhorin}},
  key= {GLPK},
  note = {GLPK 4.25 (GNU Linear Programming Kit). Available at \texttt{http://www.gnu.org/software/glpk/}},
  year = 2007
}

@TechReport{ITT07track3,
author = {Di Gaspero, Luca and McCollum, Barry and Schaerf, Andrea},
title = {The second international timetabling competition (ITC-2007): Curriculum-based course timetabling (track 3)},
institution = {University of Udine},
year = {2007}
}

@article{ManquinhoM04,
  author    = {Vasco M. Manquinho and
               Jo{\~a}o P. Marques-Silva},
  title     = {Satisfiability-Based Algorithms for Boolean Optimization},
  journal   = {Ann. Math. Artif. Intell.},
  volume    = {40},
  number    = {3-4},
  year      = {2004},
  pages     = {353-372},
}

@article{GRASP1999IEEE,
 author = {Joao Marques-Silva and Karem A. Sakallah},
 title = {GRASP: A Search Algorithm for Propositional Satisfiability},
 journal = {IEEE Trans. Comput.},
 volume = {48},
 number = {5},
 year = {1999},
 pages = {506--521},
 publisher = {IEEE Comp. Society}
}


@Article{NieuwenhuisOliverasTinelli2006JACM,
  author = "Robert Nieuwenhuis and Albert Oliveras and Cesare Tinelli",
  title = "{Solving SAT and SAT Modulo Theories: from an Abstract Davis-Putnam-Logemann-Loveland Procedure to DPLL(T)}",       
  journal =      "Journal of the ACM",
  volume =       "53",
  number =       "6",
  pages =        "937-977",
  month =        nov,
  year =         "2006",
}

@article{LiManyaPlanesJAIR07,
	author = {C. M. Li and F. Manya and J. Planes},
	journal = {Journal of Artificial Intelligence Research},
	title = "{New Inference Rules for Max-SAT}",
	year = {2007},
      volume={30},
      pages={321--359}
}

@Article{RLFAP99,
  author =       {B. Cabon and S. de Givry and L. Lobjois and T. Schiex and
J.P. Warners},
  title =        {Radio Link Frequency Assignment},
  journal =      {Constraints},
  pages = {79--89},
  year =         {1999},
  volume = 4
}

@article{FloreNetoMarquesSilva01,
 author = {Flores, Paulo F. and Neto, Hor\'{a}cio C. and Marques-Silva, Jo\~{a}o P.},
 title = {An exact solution to the minimum size test pattern problem},
 journal = {ACM Trans. Des. Autom. Electron. Syst.},
 volume = {6},
 number = {4},
 year = {2001},
 issn = {1084-4309},
 pages = {629--644},
 doi = {http://doi.acm.org/10.1145/502175.502186},
 publisher = {ACM},
 address = {New York, NY, USA},
 }

@inproceedings{FuMalik2006ICCAD,
    author = {Zhaohui Fu and Sharad Malik},
    title = "{Solving the Minimum ­Cost Satisability Problem
              Using SAT Based Branch-and-Bound Search}",
    booktitle = {Proceedings of ICCAD'06},
    year = {2006},
    pages={852 - 859}
}

@INPROCEEDINGS{Coudert1996DAC,
    author = {Olivier Coudert},
    title = {On solving binate covering problems},
    booktitle = {Proceedings of DAC'96},
    year = {1996},
    pages = {197--202},
    publisher = {ACM},
}

@article{ManquinhoMarquesSilva2002TCADICS,
  author    = {Vasco M. Manquinho and
               Jo{\~a}o P. Marques-Silva},
  title     = "{Search pruning techniques in SAT-based branch-and-bound
               algorithms for the binate covering problem}",
  journal   = {IEEE Trans. on CAD of Integrated Circuits and Systems},
  volume    = {21},
  number    = {5},
  year      = {2002},
  pages     = {505-516},
  ee        = {http://doi.ieeecomputersociety.org/10.1109/43.998623},
  bibsource = {DBLP, http://dblp.uni-trier.de}
}

@INPROCEEDINGS{Liao97solvingcovering,
    author = {Stan Liao and Srinivas Devadas},
    title = "{Solving Covering Problems Using LPR-Based Lower Bounds}",
    booktitle = {Procs. DAC'97},
    year = {1997},
    pages = {117--120},
    publisher = {ACM},
}

@inproceedings{CoudertMadre1995DAC,
 author = {Coudert,, Olivier and Madre,, Jean Chritophe},
 title = {New ideas for solving covering problems},
 booktitle = {Proceedings of DAC'95},
 year = {1995},
 pages = {641--646},
 publisher = {ACM},
 }

@inproceedings{LarrosaHeras2005IJCAI,
  author    = {Javier Larrosa and
               Federico Heras},
  title     = "{Resolution in Max-SAT and its relation to local consistency
               in weighted CSPs}",
  booktitle     = {Proceedings of IJCAI'05},
  year      = {2005},
  pages     = {193-198},
  publisher = {Professional Book Center},
}


@inproceedings{NieuwenhuisOliveras2006SAT,
  author    = {Robert Nieuwenhuis and
               Albert Oliveras},
  title     = "{On SAT Modulo Theories and Optimization Problems.}",
  booktitle = {Proceedings of SAT'06},
  year      = {2006},
  series    = {Lecture Notes in Computer Science},
  publisher = {Springer},
  volume    = {4121},
  pages     = {156-169},
}

@article{BonetLevyManya2007AI,
  author    = {Maria Luisa Bonet and
               Jordi Levy and
               Felip Many{\`a}},
  title     = "{Resolution for Max-SAT}",
  journal   = {Artificial Intellence},
  volume    = {171},
  number    = {8-9},
  year      = {2007},
  pages     = {606-618},
}


@inproceedings{ZhangMMM01,
  author    = {Lintao Zhang and
               Conor F. Madigan and
               Matthew W. Moskewicz and
               Sharad Malik},
  title     = {Efficient Conflict Driven Learning in Boolean Satisfiability
               Solver},
  booktitle = {ICCAD},
  year      = {2001},
  pages     = {279-285},
  ee        = {http://www.sigda.org/Archives/ProceedingArchives/Iccad/Iccad2001/papers/2001/iccad01/htmfiles/sun_sgi/iccadabs.htm\#06a_1},
  bibsource = {DBLP, http://dblp.uni-trier.de}
}

@inproceedings{Cimattietal2007SAT,
  author    = {Alessandro Cimatti and
               Alberto Griggio and
               Roberto Sebastiani},
  title     = "{A Simple and Flexible Way of Computing Small Unsatisfiable
               Cores in SAT Modulo Theories}",
  booktitle = {Proceedings of SAT'07},

  pages     = {334-339},
  ee        = {http://dx.doi.org/10.1007/978-3-540-72788-0_32},
  publisher = {Springer},
  series    = {Lecture Notes in Computer Science},
  volume    = {4501},
  year      = {2007},
}

@inproceedings{NameEtAl2001ISPD,
 author = {Nam, Gi-Joon and Aloul, Fadi and Sakallah, Karem and Rutenbar, Rob},
 title = "{A comparative study of two Boolean formulations of FPGA detailed routing constraints}",
 booktitle = {Proceedings of ISPD '01},
 year = {2001},
 pages = {222--227},
 publisher = {ACM},
 }

@TechReport{Yang91,
  author =       "S. Yang",
  title =        "Logic synthesis and optimization benchmarks user guide",
  institution =  "MCNC, Research Triangle Park",
  number =       "1991-IWLS-UG-Saeyang",
  year =         "1991"
}


@TechReport{Werner05,
  author =       "Tomas Werner",
  title =        "A Linear Programming Approach to Max-sum Problem: A Review",
  institution =  "Center for Machine Perception, Czech Technical University",
  number =       "CTU-CMP-2005-25",
  year =         "2005"
}

@InProceedings{Park02,
  author =       "James D. Park",
  title =        "Using weighted MAX-{SAT} engines to solve {MPE}",
  booktitle =    "Proc. of the 18$^{th}$ AAAI",
  address =      "Edmonton, Alberta, Canada",
  pages = "682--687",
  year =         "2002"
}

@InProceedings{HoosStutzle2000SAT,
  author =       "{Holger H. Hoos and Thomas St\"utzle}",
  title =        "{SATLIB: An Online Resource for Research on SAT}",
  booktitle =    "Proceedings of SAT'00",
  pages = "283-292",
  year =         "2000",
  note = "SATLIB is available online at www.satlib.org",
  publisher = "IOS Press",
}

@Book{Schrijver86,
  author = {Alexander Schrijver},
  title =   {Theory of Linear and Integer Programming},
  publisher = {John Wiley \& Sons, Chichester},
  year =    {1986},
}


@inproceedings{sandholm99,
    author = "Tuomas Sandholm",
    title = "An Algorithm for Optimal Winner Determination in Combinatorial Auctions",
    booktitle = "{IJCAI-99}",
    pages = "542-547",
    year = "1999"
}


@inproceedings{AsinNOR08,
  author    = {Roberto As\'{\i}n and
               Robert Nieuwenhuis and
               Albert Oliveras and
               Enric Rodr\'{\i}guez-Carbonell},
  title     = {Efficient Generation of Unsatisfiability Proofs and Cores
               in SAT},
  year      = {2008},
  pages     = {16-30},
  booktitle = {Proceedings of LPAR'08},
  publisher = {Springer},
  series    = {Lecture Notes in Computer Science},
  volume    = {5330},
}


@book{GareyJohnson90,
 author = {Garey, Michael R. and Johnson, David S.},
 title = "{Computers and Intractability: A Guide to the Theory of NP-Completeness}",
 year = {1990},
 isbn = {0716710455},
 publisher = {W. H. Freeman \& Co.},
 address = {New York, NY, USA},
 }

%Cost-based conflict

@article{HerasetalJAIR2008,
author = {Federico Heras and Javier Larrosa and Albert Oliveras},
title = {{MiniMaxSAT: An efficient Weighted Max-SAT Solver}},
journal = {Journal of Artificial Intelligence Research},
volume = {31},
year = {2008},
pages = {1--32}
}

%Cost-based (unit) propagation \cite{Zhang05}

@Article{Zhang05,
 author =       "Z. Xing and W. Zhang",
 title =        "MaxSolver: An efficient exact algorithm for (weighted) maximum satisfiability",
 journal =      "Artificial Intelligence",
 year =         "2005",
 volume =       "164",
 number =       "1-2",
 pages =        "47--80",
} 

@inproceedings{ManquinhoS00ECAI,
  author    = {Vasco M. Manquinho and
               Jo{\~a}o P. Marques-Silva},
  title     = {Search Pruning Conditions for Boolean Optimization},
  booktitle = {Proceedings of ECAI 2000},
  year      = {2000},
  pages     = {103-107},
  publisher = {IOS Press},
}

@inproceedings{ManquinhoS00DATE,
  author    = {Vasco M. Manquinho and
               Jo{\~a}o P. Marques-Silva},
  title     = {On Using Satisfiability-Based Pruning Techniques in Covering
               Algorithms},
  booktitle = {Proceedings of DATE 2000},
  year      = {2000},
  pages     = {356-363},
  publisher = {IEEE Computer Society},
}

@article{FreeLunchIsOver,
  added-at = {2008-09-03T09:42:11.000+0200},
  author = {Sutter, Herb},
  journal = {Dr. Dobb’s Journal},
  number = 3,
  pages = {202--210},
  title = {The Free Lunch Is Over: A Fundamental Turn Toward Concurrency in Software},
  url = {http://www.gotw.ca/publications/concurrency-ddj.htm},
  volume = 30,
  year = 2005
}

@incollection {springerlink:10.1007/978-3-540-24605-3_22,
   author = {Zhang, Lintao and Malik, Sharad},
   affiliation = {Microsoft Research, 1065 La Avenida Ave., Mountain View, CA 94043, USA},
   title = {Cache Performance of SAT Solvers: a Case Study for Efficient Implementation of Algorithms},
   booktitle = {Theory and Applications of Satisfiability Testing},
   series = {Lecture Notes in Computer Science},
   editor = {Giunchiglia, Enrico and Tacchella, Armando},
   publisher = {Springer Berlin / Heidelberg},
   isbn = {978-3-540-20851-8},
   keyword = {Computer Science},
   pages = {22-23},
   volume = {2919},
   url = {http://dx.doi.org/10.1007/978-3-540-24605-3_22},
   note = {10.1007/978-3-540-24605-3_22},
   year = {2004}
}

Lingeling, Plingeling, PicoSAT and PrecoSAT at SAT Race 2010. FMV Report
Series Technical Report 10/1, Johannes Kepler University, Linz, Austria, 2010.

@TechReport{lingeling,
  author = 	 {Armin Biere},
  title = 	 {Lingeling and Friends at the {SAT Competition} 2011},
  institution =  {FMV Reports Series, Institute for Formal Models and
                  Verification, Johannes Kepler University},
  year = 	 {2011},
  number = 	 {11-1},
  address = 	 {Linz, Austria},
  month = 	 {March},
}

@inproceedings {KottlerKaufmann2011a,
year = {2011},
booktitle = {Pragmatics of SAT},
title = {SArTagnan - A parallel portfolio SAT solver with lockless
                  physical clause sharing},
author = {Stephan Kottler and Michael Kaufmann}
}

@proceedings{DBLP:conf/sat/2009,
  editor    = {Oliver Kullmann},
  title     = {Theory and Applications of Satisfiability Testing - SAT
               2009, 12th International Conference, SAT 2009, Swansea,
               UK, June 30 - July 3, 2009. Proceedings},
  booktitle = {SAT},
  publisher = {Springer},
  series    = {Lecture Notes in Computer Science},
  volume    = {5584},
  year      = {2009},
  isbn      = {978-3-642-02776-5},
  ee        = {http://dx.doi.org/10.1007/978-3-642-02777-2},
  bibsource = {DBLP, http://dblp.uni-trier.de}
}

@proceedings{DBLP:conf/ijcai/2009,
  editor    = {Craig Boutilier},
  title     = {IJCAI 2009, Proceedings of the 21st International Joint
               Conference on Artificial Intelligence, Pasadena, California,
               USA, July 11-17, 2009},
  booktitle = {IJCAI},
  year      = {2009},
  bibsource = {DBLP, http://dblp.uni-trier.de}
}
