@article{FreeLunchIsOver,
  added-at = {2008-09-03T09:42:11.000+0200},
  author = {Sutter, Herb},
  journal = {Dr. Dobbâ€™s Journal},
  number = 3,
  pages = {202--210},
  title = {The Free Lunch Is Over: A Fundamental Turn Toward Concurrency in Software},
  url = {http://www.gotw.ca/publications/concurrency-ddj.htm},
  volume = 30,
  year = 2005
}

@incollection {springerlink:10.1007/978-3-540-24605-3_22,
   author = {Zhang, Lintao and Malik, Sharad},
   affiliation = {Microsoft Research, 1065 La Avenida Ave., Mountain View, CA 94043, USA},
   title = {Cache Performance of SAT Solvers: a Case Study for Efficient Implementation of Algorithms},
   booktitle = {Theory and Applications of Satisfiability Testing},
   series = {Lecture Notes in Computer Science},
   editor = {Giunchiglia, Enrico and Tacchella, Armando},
   publisher = {Springer Berlin / Heidelberg},
   isbn = {978-3-540-20851-8},
   keyword = {Computer Science},
   pages = {22-23},
   volume = {2919},
   url = {http://dx.doi.org/10.1007/978-3-540-24605-3_22},
   note = {10.1007/978-3-540-24605-3_22},
   year = {2004}
}

Lingeling, Plingeling, PicoSAT and PrecoSAT at SAT Race 2010. FMV Report
Series Technical Report 10/1, Johannes Kepler University, Linz, Austria, 2010.

@TechReport{lingeling,
  author = 	 {Armin Biere},
  title = 	 {Lingeling and Friends at the {SAT Competition} 2011},
  institution =  {FMV Reports Series, Institute for Formal Models and
                  Verification, Johannes Kepler University},
  year = 	 {2011},
  number = 	 {11-1},
  address = 	 {Linz, Austria},
  month = 	 {March},
}

@inproceedings {KottlerKaufmann2011a,
year = {2011},
booktitle = {Pragmatics of SAT},
title = {SArTagnan - A parallel portfolio SAT solver with lockless
                  physical clause sharing},
author = {Stephan Kottler and Michael Kaufmann}
}